Winamax Poker - Tournament "Freeroll" buyIn: Free level: 0 - HandId: #550331567138931045-1-1441390528 - Holdem no limit (10/20) - 2015/09/04 18:15:28 UTC
Table: 'Freeroll(128134053)#0356' 9-max (real money) Seat #8 is the button
Seat 1: manggy94 (3000)
Seat 2: Mours38 (3000)
Seat 3: kothie (3000)
Seat 4: rusty13 (3000)
Seat 5: papapok85 (3000)
Seat 6: high tech (3000)
Seat 7: peter08 (3000)
Seat 8: Chips-Dealer (3000)
Seat 9: M c10 (3000)
*** ANTE/BLINDS ***
M c10 posts small blind 10
manggy94 posts big blind 20
Dealt to manggy94 [5d 3c]
*** PRE-FLOP *** 
Mours38 calls 20
kothie folds
rusty13 folds
papapok85 folds
high tech raises 130 to 150
peter08 raises 350 to 500
Chips-Dealer calls 500
M c10 folds
manggy94 folds
Mours38 folds
high tech raises 2500 to 3000 and is all-in
peter08 calls 2500 and is all-in
Chips-Dealer calls 2500 and is all-in
*** FLOP *** [Qs Qh 5s]
*** TURN *** [Qs Qh 5s][4h]
*** RIVER *** [Qs Qh 5s 4h][4d]
*** SHOW DOWN ***
high tech shows [As Kd] (Two pairs : Queens and 4)
Chips-Dealer shows [Kh Td] (Two pairs : Queens and 4)
peter08 shows [Tc Qd] (Full of Queens and 4)
peter08 collected 9050 from pot
*** SUMMARY ***
Total pot 9050 | No rake
Board: [Qs Qh 5s 4h 4d]
Seat 6: high tech showed [As Kd] and lost with Two pairs : Queens and 4
Seat 7: peter08 showed [Tc Qd] and won 9050 with Full of Queens and 4
Seat 8: Chips-Dealer (button) showed [Kh Td] and lost with Two pairs : Queens and 4


Winamax Poker - Tournament "Freeroll" buyIn: Free level: 1 - HandId: #550331567138930713-2-1441390741 - Holdem no limit (15/30) - 2015/09/04 18:19:01 UTC
Table: 'Freeroll(128134053)#0024' 9-max (real money) Seat #3 is the button
Seat 1: manggy94 (2980)
Seat 2: edmond66 (3000)
Seat 3: ANGE IRIS (2990)
Seat 4: lioh67190 (2980)
Seat 5: frackass1290 (12030)
Seat 6: jjrif02 (3000)
Seat 7: Mours38 (2980)
Seat 8: bordeauxNLR (3000)
Seat 9: kothie (3000)
*** ANTE/BLINDS ***
lioh67190 posts small blind 15
frackass1290 posts big blind 30
Dealt to manggy94 [4d Js]
*** PRE-FLOP *** 
jjrif02 folds
Mours38 calls 30
bordeauxNLR calls 30
kothie folds
manggy94 folds
edmond66 folds
ANGE IRIS calls 30
lioh67190 folds
frackass1290 checks
*** FLOP *** [Jh Ks 8c]
frackass1290 checks
Mours38 checks
bordeauxNLR checks
ANGE IRIS checks
*** TURN *** [Jh Ks 8c][8s]
frackass1290 checks
Mours38 checks
bordeauxNLR checks
ANGE IRIS checks
*** RIVER *** [Jh Ks 8c 8s][4c]
frackass1290 checks
Mours38 checks
bordeauxNLR checks
ANGE IRIS bets 30
frackass1290 folds
Mours38 folds
bordeauxNLR folds
ANGE IRIS collected 165 from pot
*** SUMMARY ***
Total pot 165 | No rake
Board: [Jh Ks 8c 8s 4c]
Seat 3: ANGE IRIS (button) won 165


Winamax Poker - Tournament "Freeroll" buyIn: Free level: 2 - HandId: #550331567138930713-3-1441390944 - Holdem no limit (20/40) - 2015/09/04 18:22:24 UTC
Table: 'Freeroll(128134053)#0024' 9-max (real money) Seat #4 is the button
Seat 1: manggy94 (2980)
Seat 2: edmond66 (3000)
Seat 3: ANGE IRIS (3095)
Seat 4: lioh67190 (2965)
Seat 5: frackass1290 (12000)
Seat 6: jjrif02 (3000)
Seat 7: Mours38 (2950)
Seat 8: ASpireunROI (3270)
Seat 9: kothie (3000)
*** ANTE/BLINDS ***
frackass1290 posts small blind 20
jjrif02 posts big blind 40
Dealt to manggy94 [2h Qh]
*** PRE-FLOP *** 
Mours38 raises 40 to 80
ASpireunROI folds
kothie calls 80
manggy94 calls 80
edmond66 folds
ANGE IRIS calls 80
lioh67190 folds
frackass1290 folds
jjrif02 calls 40
*** FLOP *** [Kh 5h 6s]
jjrif02 bets 2920 and is all-in
Mours38 folds
kothie folds
manggy94 calls 2900 and is all-in
ANGE IRIS calls 2920
*** TURN *** [Kh 5h 6s][Qd]
*** RIVER *** [Kh 5h 6s Qd][7c]
*** SHOW DOWN ***
manggy94 shows [2h Qh] (One pair : Queens)
jjrif02 shows [Kc 8c] (One pair : Kings)
ANGE IRIS shows [7d Ks] (Two pairs : Kings and 7)
ANGE IRIS collected 9160 from pot
*** SUMMARY ***
Total pot 9160 | No rake
Board: [Kh 5h 6s Qd 7c]
Seat 1: manggy94 showed [2h Qh] and lost with One pair : Queens
Seat 3: ANGE IRIS showed [7d Ks] and won 9160 with Two pairs : Kings and 7
Seat 6: jjrif02 (big blind) showed [Kc 8c] and lost with One pair : Kings


