Winamax Poker - Tournament "KILL THE FISH" buyIn: 7€ + 3€ level: 8 - HandId: #569088445234806789-54-1444904039 - Holdem no limit (60/300/600) - 2015/10/15 10:13:59 UTC
Table: 'KILL THE FISH(132501229)#004' 9-max (real money) Seat #1 is the button
Seat 1: TTFX (17000)
Seat 2: 22mumu22 (18080)
Seat 3: K-Oslott-K (17659)
Seat 4: Fullodam (17421)
Seat 5: manggy94 (10000)
Seat 6: CLEO2009 (18799)
Seat 7: Guigz92 (25459)
Seat 8: baaaarrrcca (32585)
Seat 9: donlamberti (19740)
*** ANTE/BLINDS ***
22mumu22 posts ante 60
K-Oslott-K posts ante 60
TTFX posts ante 60
Fullodam posts ante 60
manggy94 posts ante 60
CLEO2009 posts ante 60
Guigz92 posts ante 60
baaaarrrcca posts ante 60
donlamberti posts ante 60
22mumu22 posts small blind 300
K-Oslott-K posts big blind 600
Dealt to manggy94 [5s Kh]
*** PRE-FLOP *** 
Fullodam folds
manggy94 calls 600
CLEO2009 folds
Guigz92 folds
baaaarrrcca folds
donlamberti folds
TTFX calls 600
22mumu22 folds
K-Oslott-K raises 16999 to 17599 and is all-in
manggy94 folds
TTFX calls 16340 and is all-in
*** FLOP *** [Kd 3c Jc]
*** TURN *** [Kd 3c Jc][7h]
*** RIVER *** [Kd 3c Jc 7h][Qh]
*** SHOW DOWN ***
TTFX shows [4d 4h] (One pair : 4)
K-Oslott-K shows [8h 8c] (One pair : 8)
K-Oslott-K collected 35979 from pot
*** SUMMARY ***
Total pot 35979 | No rake
Board: [Kd 3c Jc 7h Qh]
Seat 1: TTFX (button) showed [4d 4h] and lost with One pair : 4
Seat 3: K-Oslott-K (big blind) showed [8h 8c] and won 35979 with One pair : 8


Winamax Poker - Tournament "KILL THE FISH" buyIn: 7€ + 3€ level: 9 - HandId: #569088445234806789-55-1444904088 - Holdem no limit (75/400/800) - 2015/10/15 10:14:48 UTC
Table: 'KILL THE FISH(132501229)#004' 9-max (real money) Seat #2 is the button
Seat 2: 22mumu22 (17720)
Seat 3: K-Oslott-K (35979)
Seat 4: Fullodam (17361)
Seat 5: manggy94 (9340)
Seat 6: CLEO2009 (18739)
Seat 7: Guigz92 (25399)
Seat 8: baaaarrrcca (32525)
Seat 9: donlamberti (19680)
*** ANTE/BLINDS ***
K-Oslott-K posts ante 75
Fullodam posts ante 75
22mumu22 posts ante 75
manggy94 posts ante 75
CLEO2009 posts ante 75
Guigz92 posts ante 75
baaaarrrcca posts ante 75
donlamberti posts ante 75
K-Oslott-K posts small blind 400
Fullodam posts big blind 800
Dealt to manggy94 [8c Ts]
*** PRE-FLOP *** 
manggy94 folds
CLEO2009 raises 800 to 1600
Guigz92 folds
baaaarrrcca folds
donlamberti folds
22mumu22 folds
K-Oslott-K folds
Fullodam folds
CLEO2009 collected 3400 from pot
*** SUMMARY ***
Total pot 3400 | No rake
Seat 6: CLEO2009 won 3400


Winamax Poker - Tournament "KILL THE FISH" buyIn: 7€ + 3€ level: 9 - HandId: #569088445234806789-56-1444904107 - Holdem no limit (75/400/800) - 2015/10/15 10:15:07 UTC
Table: 'KILL THE FISH(132501229)#004' 9-max (real money) Seat #3 is the button
Seat 2: 22mumu22 (17645)
Seat 3: K-Oslott-K (35504)
Seat 4: Fullodam (16486)
Seat 5: manggy94 (9265)
Seat 6: CLEO2009 (20464)
Seat 7: Guigz92 (25324)
Seat 8: baaaarrrcca (32450)
Seat 9: donlamberti (19605)
*** ANTE/BLINDS ***
Fullodam posts ante 75
manggy94 posts ante 75
22mumu22 posts ante 75
K-Oslott-K posts ante 75
CLEO2009 posts ante 75
Guigz92 posts ante 75
baaaarrrcca posts ante 75
donlamberti posts ante 75
Fullodam posts small blind 400
manggy94 posts big blind 800
Dealt to manggy94 [Kd 7s]
*** PRE-FLOP *** 
CLEO2009 folds
Guigz92 folds
baaaarrrcca folds
donlamberti calls 800
22mumu22 folds
K-Oslott-K folds
Fullodam calls 400
manggy94 checks
*** FLOP *** [4h Td Th]
Fullodam checks
manggy94 bets 8390 and is all-in
donlamberti folds
Fullodam folds
manggy94 collected 11390 from pot
*** SUMMARY ***
Total pot 11390 | No rake
Board: [4h Td Th]
Seat 5: manggy94 (big blind) won 11390


Winamax Poker - Tournament "KILL THE FISH" buyIn: 7€ + 3€ level: 9 - HandId: #569088445234806789-57-1444904162 - Holdem no limit (75/400/800) - 2015/10/15 10:16:02 UTC
Table: 'KILL THE FISH(132501229)#004' 9-max (real money) Seat #4 is the button
Seat 2: 22mumu22 (17570)
Seat 3: K-Oslott-K (35429)
Seat 4: Fullodam (15611)
Seat 5: manggy94 (11390)
Seat 6: CLEO2009 (20389)
Seat 7: Guigz92 (25249)
Seat 8: baaaarrrcca (32375)
Seat 9: donlamberti (18730)
*** ANTE/BLINDS ***
manggy94 posts ante 75
CLEO2009 posts ante 75
22mumu22 posts ante 75
K-Oslott-K posts ante 75
Fullodam posts ante 75
Guigz92 posts ante 75
baaaarrrcca posts ante 75
donlamberti posts ante 75
manggy94 posts small blind 400
CLEO2009 posts big blind 800
Dealt to manggy94 [8d 4d]
*** PRE-FLOP *** 
Guigz92 folds
baaaarrrcca folds
donlamberti folds
22mumu22 folds
K-Oslott-K folds
Fullodam folds
manggy94 folds
CLEO2009 collected 1800 from pot
*** SUMMARY ***
Total pot 1800 | No rake
Seat 6: CLEO2009 (big blind) won 1800


Winamax Poker - Tournament "KILL THE FISH" buyIn: 7€ + 3€ level: 9 - HandId: #569088445234806789-58-1444904191 - Holdem no limit (75/400/800) - 2015/10/15 10:16:31 UTC
Table: 'KILL THE FISH(132501229)#004' 9-max (real money) Seat #5 is the button
Seat 2: 22mumu22 (17495)
Seat 3: K-Oslott-K (35354)
Seat 4: Fullodam (15536)
Seat 5: manggy94 (10915)
Seat 6: CLEO2009 (21314)
Seat 7: Guigz92 (25174)
Seat 8: baaaarrrcca (32300)
Seat 9: donlamberti (18655)
*** ANTE/BLINDS ***
CLEO2009 posts ante 75
Guigz92 posts ante 75
22mumu22 posts ante 75
K-Oslott-K posts ante 75
Fullodam posts ante 75
manggy94 posts ante 75
baaaarrrcca posts ante 75
donlamberti posts ante 75
CLEO2009 posts small blind 400
Guigz92 posts big blind 800
Dealt to manggy94 [4c Kd]
*** PRE-FLOP *** 
baaaarrrcca folds
donlamberti folds
22mumu22 calls 800
K-Oslott-K folds
Fullodam folds
manggy94 calls 800
CLEO2009 folds
Guigz92 checks
*** FLOP *** [Ks 3c 6d]
Guigz92 checks
22mumu22 checks
manggy94 bets 3400
Guigz92 folds
22mumu22 folds
manggy94 collected 6800 from pot
*** SUMMARY ***
Total pot 6800 | No rake
Board: [Ks 3c 6d]
Seat 5: manggy94 (button) won 6800


Winamax Poker - Tournament "KILL THE FISH" buyIn: 7€ + 3€ level: 9 - HandId: #569088445234806789-59-1444904244 - Holdem no limit (75/400/800) - 2015/10/15 10:17:24 UTC
Table: 'KILL THE FISH(132501229)#004' 9-max (real money) Seat #6 is the button
Seat 1: Yonalnight (48547)
Seat 2: 22mumu22 (16620)
Seat 3: K-Oslott-K (35279)
Seat 4: Fullodam (15461)
Seat 5: manggy94 (13440)
Seat 6: CLEO2009 (20839)
Seat 7: Guigz92 (24299)
Seat 8: baaaarrrcca (32225)
Seat 9: donlamberti (18580)
*** ANTE/BLINDS ***
Guigz92 posts ante 75
baaaarrrcca posts ante 75
Yonalnight posts ante 75
22mumu22 posts ante 75
K-Oslott-K posts ante 75
Fullodam posts ante 75
manggy94 posts ante 75
CLEO2009 posts ante 75
donlamberti posts ante 75
Guigz92 posts small blind 400
baaaarrrcca posts big blind 800
Dealt to manggy94 [Td 8h]
*** PRE-FLOP *** 
donlamberti folds
Yonalnight raises 800 to 1600
22mumu22 calls 1600
K-Oslott-K folds
Fullodam calls 1600
manggy94 folds
CLEO2009 folds
Guigz92 folds
baaaarrrcca calls 800
*** FLOP *** [3h Qh Qd]
baaaarrrcca checks
Yonalnight checks
22mumu22 checks
Fullodam checks
*** TURN *** [3h Qh Qd][Ad]
baaaarrrcca checks
Yonalnight bets 4983
22mumu22 folds
Fullodam folds
baaaarrrcca calls 4983
*** RIVER *** [3h Qh Qd Ad][8c]
baaaarrrcca checks
Yonalnight bets 13081
baaaarrrcca folds
Yonalnight collected 30522 from pot
*** SUMMARY ***
Total pot 30522 | No rake
Board: [3h Qh Qd Ad 8c]
Seat 1: Yonalnight won 30522


Winamax Poker - Tournament "KILL THE FISH" buyIn: 7€ + 3€ level: 9 - HandId: #569088445234806789-60-1444904325 - Holdem no limit (75/400/800) - 2015/10/15 10:18:45 UTC
Table: 'KILL THE FISH(132501229)#004' 9-max (real money) Seat #7 is the button
Seat 1: Yonalnight (59330)
Seat 2: 22mumu22 (14945)
Seat 3: K-Oslott-K (35204)
Seat 4: Fullodam (13786)
Seat 5: manggy94 (13365)
Seat 6: CLEO2009 (20764)
Seat 7: Guigz92 (23824)
Seat 8: baaaarrrcca (25567)
Seat 9: donlamberti (18505)
*** ANTE/BLINDS ***
baaaarrrcca posts ante 75
donlamberti posts ante 75
Yonalnight posts ante 75
22mumu22 posts ante 75
K-Oslott-K posts ante 75
Fullodam posts ante 75
manggy94 posts ante 75
CLEO2009 posts ante 75
Guigz92 posts ante 75
baaaarrrcca posts small blind 400
donlamberti posts big blind 800
Dealt to manggy94 [Jc 4s]
*** PRE-FLOP *** 
Yonalnight folds
22mumu22 folds
K-Oslott-K folds
Fullodam folds
manggy94 folds
CLEO2009 raises 800 to 1600
Guigz92 folds
baaaarrrcca folds
donlamberti calls 800
*** FLOP *** [Kd Ts 4d]
donlamberti bets 16830 and is all-in
CLEO2009 folds
donlamberti collected 21105 from pot
*** SUMMARY ***
Total pot 21105 | No rake
Board: [Kd Ts 4d]
Seat 9: donlamberti (big blind) won 21105


Winamax Poker - Tournament "KILL THE FISH" buyIn: 7€ + 3€ level: 9 - HandId: #569088445234806789-61-1444904379 - Holdem no limit (75/400/800) - 2015/10/15 10:19:39 UTC
Table: 'KILL THE FISH(132501229)#004' 9-max (real money) Seat #8 is the button
Seat 1: Yonalnight (59255)
Seat 2: 22mumu22 (14870)
Seat 3: K-Oslott-K (35129)
Seat 4: Fullodam (13711)
Seat 5: manggy94 (13290)
Seat 6: CLEO2009 (19089)
Seat 7: Guigz92 (23749)
Seat 8: baaaarrrcca (25092)
Seat 9: donlamberti (21105)
*** ANTE/BLINDS ***
donlamberti posts ante 75
Yonalnight posts ante 75
22mumu22 posts ante 75
K-Oslott-K posts ante 75
Fullodam posts ante 75
manggy94 posts ante 75
CLEO2009 posts ante 75
Guigz92 posts ante 75
baaaarrrcca posts ante 75
donlamberti posts small blind 400
Yonalnight posts big blind 800
Dealt to manggy94 [8h Qd]
*** PRE-FLOP *** 
22mumu22 folds
K-Oslott-K folds
Fullodam folds
manggy94 calls 800
CLEO2009 folds
Guigz92 raises 1200 to 2000
baaaarrrcca folds
donlamberti folds
Yonalnight raises 57180 to 59180 and is all-in
manggy94 folds
Guigz92 folds
Yonalnight collected 63055 from pot
*** SUMMARY ***
Total pot 63055 | No rake
Seat 1: Yonalnight (big blind) won 63055


Winamax Poker - Tournament "KILL THE FISH" buyIn: 7€ + 3€ level: 10 - HandId: #569088445234806789-62-1444904421 - Holdem no limit (100/500/1000) - 2015/10/15 10:20:21 UTC
Table: 'KILL THE FISH(132501229)#004' 9-max (real money) Seat #9 is the button
Seat 1: Yonalnight (63055)
Seat 2: 22mumu22 (14795)
Seat 3: K-Oslott-K (35054)
Seat 4: Fullodam (13636)
Seat 5: manggy94 (12415)
Seat 6: CLEO2009 (19014)
Seat 7: Guigz92 (21674)
Seat 8: baaaarrrcca (25017)
Seat 9: donlamberti (20630)
*** ANTE/BLINDS ***
Yonalnight posts ante 100
22mumu22 posts ante 100
K-Oslott-K posts ante 100
Fullodam posts ante 100
manggy94 posts ante 100
CLEO2009 posts ante 100
Guigz92 posts ante 100
baaaarrrcca posts ante 100
donlamberti posts ante 100
Yonalnight posts small blind 500
22mumu22 posts big blind 1000
Dealt to manggy94 [6s 4h]
*** PRE-FLOP *** 
K-Oslott-K folds
Fullodam raises 2000 to 3000
manggy94 folds
CLEO2009 raises 15914 to 18914 and is all-in
Guigz92 folds
baaaarrrcca folds
donlamberti folds
Yonalnight folds
22mumu22 folds
Fullodam folds
CLEO2009 collected 24314 from pot
*** SUMMARY ***
Total pot 24314 | No rake
Seat 6: CLEO2009 won 24314


Winamax Poker - Tournament "KILL THE FISH" buyIn: 7€ + 3€ level: 10 - HandId: #569088445234806789-63-1444904472 - Holdem no limit (100/500/1000) - 2015/10/15 10:21:12 UTC
Table: 'KILL THE FISH(132501229)#004' 9-max (real money) Seat #1 is the button
Seat 1: Yonalnight (62455)
Seat 2: 22mumu22 (13695)
Seat 3: K-Oslott-K (34954)
Seat 4: Fullodam (10536)
Seat 5: manggy94 (12315)
Seat 6: CLEO2009 (24314)
Seat 7: Guigz92 (21574)
Seat 8: baaaarrrcca (24917)
Seat 9: donlamberti (20530)
*** ANTE/BLINDS ***
22mumu22 posts ante 100
K-Oslott-K posts ante 100
Yonalnight posts ante 100
Fullodam posts ante 100
manggy94 posts ante 100
CLEO2009 posts ante 100
Guigz92 posts ante 100
baaaarrrcca posts ante 100
donlamberti posts ante 100
22mumu22 posts small blind 500
K-Oslott-K posts big blind 1000
Dealt to manggy94 [5h 5c]
*** PRE-FLOP *** 
Fullodam raises 1000 to 2000
manggy94 folds
CLEO2009 folds
Guigz92 folds
baaaarrrcca calls 2000
donlamberti folds
Yonalnight folds
22mumu22 folds
K-Oslott-K folds
*** FLOP *** [Jc 4h 9d]
Fullodam bets 8436 and is all-in
baaaarrrcca folds
Fullodam collected 14836 from pot
*** SUMMARY ***
Total pot 14836 | No rake
Board: [Jc 4h 9d]
Seat 4: Fullodam won 14836


Winamax Poker - Tournament "KILL THE FISH" buyIn: 7€ + 3€ level: 10 - HandId: #569088445234806789-64-1444904520 - Holdem no limit (100/500/1000) - 2015/10/15 10:22:00 UTC
Table: 'KILL THE FISH(132501229)#004' 9-max (real money) Seat #2 is the button
Seat 1: Yonalnight (62355)
Seat 2: 22mumu22 (13095)
Seat 3: K-Oslott-K (33854)
Seat 4: Fullodam (14836)
Seat 5: manggy94 (12215)
Seat 8: baaaarrrcca (22817)
Seat 9: donlamberti (20430)
*** ANTE/BLINDS ***
K-Oslott-K posts ante 100
Fullodam posts ante 100
Yonalnight posts ante 100
22mumu22 posts ante 100
manggy94 posts ante 100
baaaarrrcca posts ante 100
donlamberti posts ante 100
K-Oslott-K posts small blind 500
Fullodam posts big blind 1000
Dealt to manggy94 [9d 9h]
*** PRE-FLOP *** 
manggy94 raises 3200 to 4200
baaaarrrcca folds
donlamberti folds
Yonalnight calls 4200
22mumu22 raises 8795 to 12995 and is all-in
K-Oslott-K folds
Fullodam folds
manggy94 calls 7915 and is all-in
Yonalnight calls 8795
*** FLOP *** [Td Ts 7h]
*** TURN *** [Td Ts 7h][Ad]
*** RIVER *** [Td Ts 7h Ad][4s]
*** SHOW DOWN ***
Yonalnight shows [6s Ks] (One pair : Tens)
manggy94 shows [9d 9h] (Two pairs : Tens and 9)
22mumu22 shows [Ac Qd] (Two pairs : Aces and Tens)
22mumu22 collected 40305 from pot
*** SUMMARY ***
Total pot 40305 | No rake
Board: [Td Ts 7h Ad 4s]
Seat 1: Yonalnight showed [6s Ks] and lost with One pair : Tens
Seat 2: 22mumu22 (button) showed [Ac Qd] and won 40305 with Two pairs : Aces and Tens
Seat 5: manggy94 showed [9d 9h] and lost with Two pairs : Tens and 9


