Winamax Poker - Tournament "Freeroll" buyIn: Free level: 8 - HandId: #541906078254760257-10-1439550110 - Holdem no limit (20/100/200) - 2015/08/14 11:01:50 UTC
Table: 'Freeroll(126172341)#320' 9-max (real money) Seat #5 is the button
Seat 1: manggy94 (3000)
Seat 2: JAVEBA37 (5990)
Seat 3: FedorCr (10160)
Seat 4: stricker9 1 (9535)
Seat 5: nanoubelz (13335)
Seat 6: michel23 (7690)
Seat 7: Hunterjay137 (2770)
Seat 8: layana95 (2560)
Seat 9: barthor (5785)
*** ANTE/BLINDS ***
michel23 posts ante 20
Hunterjay137 posts ante 20
manggy94 posts ante 20
JAVEBA37 posts ante 20
FedorCr posts ante 20
stricker9 1 posts ante 20
nanoubelz posts ante 20
layana95 posts ante 20
barthor posts ante 20
michel23 posts small blind 100
Hunterjay137 posts big blind 200
Dealt to manggy94 [Ks 3h]
*** PRE-FLOP *** 
layana95 folds
barthor folds
manggy94 folds
JAVEBA37 folds
FedorCr folds
stricker9 1 folds
nanoubelz folds
michel23 raises 200 to 400
Hunterjay137 folds
michel23 collected 780 from pot
*** SUMMARY ***
Total pot 780 | No rake
Seat 6: michel23 (small blind) won 780


Winamax Poker - Tournament "Freeroll" buyIn: Free level: 9 - HandId: #541906078254760012-18-1439550166 - Holdem no limit (25/125/250) - 2015/08/14 11:02:46 UTC
Table: 'Freeroll(126172341)#075' 9-max (real money) Seat #5 is the button
Seat 1: pops13120 (2550)
Seat 2: julien.o (1080)
Seat 3: Hoodzer (5640)
Seat 4: seb0611 (17290)
Seat 5: manggy94 (2980)
Seat 6: steven79350 (2445)
Seat 7: Luckyy24 (2435)
Seat 8: Benett13 (4010)
Seat 9: Al_Bundy (3345)
*** ANTE/BLINDS ***
steven79350 posts ante 25
Luckyy24 posts ante 25
pops13120 posts ante 25
julien.o posts ante 25
Hoodzer posts ante 25
seb0611 posts ante 25
Benett13 posts ante 25
Al_Bundy posts ante 25
steven79350 posts small blind 125
Luckyy24 posts big blind 250
*** PRE-FLOP *** 
Benett13 folds
Al_Bundy folds
pops13120 folds
julien.o folds
Hoodzer folds
seb0611 raises 250 to 500
steven79350 folds
Luckyy24 folds
seb0611 collected 1075 from pot
*** SUMMARY ***
Total pot 1075 | No rake
Seat 4: seb0611 won 1075


Winamax Poker - Tournament "Freeroll" buyIn: Free level: 9 - HandId: #541906078254760260-11-1439550200 - Holdem no limit (25/125/250) - 2015/08/14 11:03:20 UTC
Table: 'Freeroll(126172341)#323' 9-max (real money) Seat #2 is the button
Seat 1: titi835001 (3475)
Seat 2: Tomacito347 (12290)
Seat 3: jazzman69 (3100)
Seat 4: blufeur13120 (2790)
Seat 5: serekoum (1915)
Seat 6: DeVainsyl44 (2975)
Seat 7: wil.i.am (4700)
Seat 8: manggy94 (2980)
Seat 9: wwf1811 (13195)
*** ANTE/BLINDS ***
jazzman69 posts ante 25
blufeur13120 posts ante 25
titi835001 posts ante 25
Tomacito347 posts ante 25
serekoum posts ante 25
DeVainsyl44 posts ante 25
wil.i.am posts ante 25
manggy94 posts ante 25
wwf1811 posts ante 25
jazzman69 posts small blind 125
blufeur13120 posts big blind 250
Dealt to manggy94 [2s 5h]
*** PRE-FLOP *** 
serekoum folds
DeVainsyl44 raises 2700 to 2950 and is all-in
wil.i.am calls 2950
manggy94 folds
wwf1811 folds
titi835001 calls 2950
Tomacito347 folds
jazzman69 folds
blufeur13120 folds
*** FLOP *** [7s 4h 4d]
wil.i.am checks
titi835001 bets 250
wil.i.am raises 250 to 500
titi835001 calls 250 and is all-in
*** TURN *** [7s 4h 4d][3h]
*** RIVER *** [7s 4h 4d 3h][9s]
*** SHOW DOWN ***
DeVainsyl44 shows [Kc Jd] (One pair : 4)
wil.i.am shows [As Jc] (One pair : 4)
titi835001 shows [4s Ad] (Trips of 4)
titi835001 collected 10450 from pot
*** SUMMARY ***
Total pot 10450 | No rake
Board: [7s 4h 4d 3h 9s]
Seat 1: titi835001 showed [4s Ad] and won 10450 with Trips of 4
Seat 6: DeVainsyl44 showed [Kc Jd] and lost with One pair : 4
Seat 7: wil.i.am showed [As Jc] and lost with One pair : 4


Winamax Poker - Tournament "Freeroll" buyIn: Free level: 9 - HandId: #541906078254760260-12-1439550294 - Holdem no limit (25/125/250) - 2015/08/14 11:04:54 UTC
Table: 'Freeroll(126172341)#323' 9-max (real money) Seat #3 is the button
Seat 1: titi835001 (10450)
Seat 2: Tomacito347 (12265)
Seat 3: jazzman69 (2950)
Seat 4: blufeur13120 (2515)
Seat 5: serekoum (1890)
Seat 7: wil.i.am (1225)
Seat 8: manggy94 (2955)
Seat 9: wwf1811 (13170)
*** ANTE/BLINDS ***
blufeur13120 posts ante 25
serekoum posts ante 25
titi835001 posts ante 25
Tomacito347 posts ante 25
jazzman69 posts ante 25
wil.i.am posts ante 25
manggy94 posts ante 25
wwf1811 posts ante 25
blufeur13120 posts small blind 125
serekoum posts big blind 250
Dealt to manggy94 [2d 8c]
*** PRE-FLOP *** 
wil.i.am folds
manggy94 folds
wwf1811 calls 250
titi835001 calls 250
Tomacito347 folds
jazzman69 calls 250
blufeur13120 folds
serekoum checks
*** FLOP *** [5s 7h Ks]
serekoum checks
wwf1811 checks
titi835001 checks
jazzman69 checks
*** TURN *** [5s 7h Ks][3h]
serekoum bets 250
wwf1811 calls 250
titi835001 calls 250
jazzman69 calls 250
*** RIVER *** [5s 7h Ks 3h][5d]
serekoum bets 1163
wwf1811 folds
titi835001 folds
jazzman69 folds
serekoum collected 3488 from pot
*** SUMMARY ***
Total pot 3488 | No rake
Board: [5s 7h Ks 3h 5d]
Seat 5: serekoum (big blind) won 3488


Winamax Poker - Tournament "Freeroll" buyIn: Free level: 10 - HandId: #541906078254760260-13-1439550418 - Holdem no limit (35/150/300) - 2015/08/14 11:06:58 UTC
Table: 'Freeroll(126172341)#323' 9-max (real money) Seat #4 is the button
Seat 1: titi835001 (9925)
Seat 2: Tomacito347 (12240)
Seat 3: jazzman69 (2425)
Seat 4: blufeur13120 (2365)
Seat 5: serekoum (3690)
Seat 6: jeandan70 (6290)
Seat 7: wil.i.am (1200)
Seat 8: manggy94 (2930)
Seat 9: wwf1811 (12645)
*** ANTE/BLINDS ***
serekoum posts ante 35
jeandan70 posts ante 35
titi835001 posts ante 35
Tomacito347 posts ante 35
jazzman69 posts ante 35
blufeur13120 posts ante 35
wil.i.am posts ante 35
manggy94 posts ante 35
wwf1811 posts ante 35
serekoum posts small blind 150
jeandan70 posts big blind 300
Dealt to manggy94 [Qs 5d]
*** PRE-FLOP *** 
wil.i.am raises 403 to 703
manggy94 folds
wwf1811 folds
titi835001 folds
Tomacito347 folds
jazzman69 calls 703
blufeur13120 folds
serekoum folds
jeandan70 calls 403
*** FLOP *** [Kc 3d 8h]
jeandan70 checks
wil.i.am bets 462 and is all-in
jazzman69 calls 462
jeandan70 calls 462
*** TURN *** [Kc 3d 8h][4s]
jeandan70 checks
jazzman69 checks
*** RIVER *** [Kc 3d 8h 4s][Ts]
jeandan70 bets 1980
jazzman69 folds
*** SHOW DOWN ***
wil.i.am shows [6s Ah] (High card : Ace)
jeandan70 shows [8d Td] (Two pairs : Tens and 8)
jeandan70 collected 5940 from pot
*** SUMMARY ***
Total pot 5940 | No rake
Board: [Kc 3d 8h 4s Ts]
Seat 6: jeandan70 (big blind) showed [8d Td] and won 5940 with Two pairs : Tens and 8
Seat 7: wil.i.am showed [6s Ah] and lost with High card : Ace


Winamax Poker - Tournament "Freeroll" buyIn: Free level: 11 - HandId: #541906078254760260-14-1439550529 - Holdem no limit (40/200/400) - 2015/08/14 11:08:49 UTC
Table: 'Freeroll(126172341)#323' 9-max (real money) Seat #5 is the button
Seat 1: titi835001 (9890)
Seat 2: Tomacito347 (12205)
Seat 3: jazzman69 (1225)
Seat 4: blufeur13120 (2330)
Seat 5: serekoum (3505)
Seat 6: jeandan70 (9050)
Seat 8: manggy94 (2895)
Seat 9: wwf1811 (12610)
*** ANTE/BLINDS ***
jeandan70 posts ante 40
manggy94 posts ante 40
titi835001 posts ante 40
Tomacito347 posts ante 40
jazzman69 posts ante 40
blufeur13120 posts ante 40
serekoum posts ante 40
wwf1811 posts ante 40
jeandan70 posts small blind 200
manggy94 posts big blind 400
Dealt to manggy94 [3s Jd]
*** PRE-FLOP *** 
wwf1811 calls 400
titi835001 folds
Tomacito347 folds
jazzman69 folds
blufeur13120 folds
serekoum folds
jeandan70 calls 200
manggy94 checks
*** FLOP *** [Ah 8d Ad]
jeandan70 checks
manggy94 checks
wwf1811 checks
*** TURN *** [Ah 8d Ad][9h]
jeandan70 checks
manggy94 checks
wwf1811 bets 400
jeandan70 folds
manggy94 folds
wwf1811 collected 1920 from pot
*** SUMMARY ***
Total pot 1920 | No rake
Board: [Ah 8d Ad 9h]
Seat 9: wwf1811 won 1920


Winamax Poker - Tournament "Freeroll" buyIn: Free level: 12 - HandId: #541906078254760260-15-1439550713 - Holdem no limit (50/250/500) - 2015/08/14 11:11:53 UTC
Table: 'Freeroll(126172341)#323' 9-max (real money) Seat #6 is the button
Seat 1: titi835001 (9850)
Seat 2: Tomacito347 (12165)
Seat 3: jazzman69 (1185)
Seat 4: blufeur13120 (2290)
Seat 5: serekoum (3465)
Seat 6: jeandan70 (8610)
Seat 7: pierro 67 (2830)
Seat 8: manggy94 (2455)
Seat 9: wwf1811 (13690)
*** ANTE/BLINDS ***
manggy94 posts ante 50
wwf1811 posts ante 50
titi835001 posts ante 50
Tomacito347 posts ante 50
jazzman69 posts ante 50
blufeur13120 posts ante 50
serekoum posts ante 50
jeandan70 posts ante 50
manggy94 posts small blind 250
wwf1811 posts big blind 500
Dealt to manggy94 [4c Ac]
*** PRE-FLOP *** 
titi835001 folds
Tomacito347 folds
jazzman69 folds
blufeur13120 folds
serekoum calls 500
jeandan70 folds
manggy94 raises 500 to 1000
wwf1811 folds
serekoum calls 500
*** FLOP *** [5s Qh 8s]
manggy94 checks
serekoum bets 500
manggy94 folds
serekoum shows [As 3s] (High card : Ace)
serekoum collected 3400 from pot
*** SUMMARY ***
Total pot 3400 | No rake
Board: [5s Qh 8s]
Seat 5: serekoum showed [As 3s] and won 3400 with High card : Ace


Winamax Poker - Tournament "Freeroll" buyIn: Free level: 12 - HandId: #541906078254760260-16-1439550806 - Holdem no limit (50/250/500) - 2015/08/14 11:13:26 UTC
Table: 'Freeroll(126172341)#323' 9-max (real money) Seat #8 is the button
Seat 1: titi835001 (9800)
Seat 2: Tomacito347 (12115)
Seat 3: jazzman69 (1135)
Seat 4: blufeur13120 (2240)
Seat 5: serekoum (5315)
Seat 6: jeandan70 (8560)
Seat 7: pierro 67 (2830)
Seat 8: manggy94 (1405)
Seat 9: wwf1811 (13140)
*** ANTE/BLINDS ***
wwf1811 posts ante 50
titi835001 posts ante 50
Tomacito347 posts ante 50
jazzman69 posts ante 50
blufeur13120 posts ante 50
serekoum posts ante 50
jeandan70 posts ante 50
pierro 67 posts ante 50
manggy94 posts ante 50
wwf1811 posts small blind 250
titi835001 posts big blind 500
Dealt to manggy94 [8s 4h]
*** PRE-FLOP *** 
Tomacito347 folds
jazzman69 folds
blufeur13120 folds
serekoum folds
jeandan70 folds
pierro 67 folds
manggy94 folds
wwf1811 calls 250
titi835001 checks
*** FLOP *** [Th Jc Jh]
wwf1811 checks
titi835001 bets 500
wwf1811 calls 500
*** TURN *** [Th Jc Jh][3d]
wwf1811 checks
titi835001 bets 500
wwf1811 calls 500
*** RIVER *** [Th Jc Jh 3d][2h]
wwf1811 bets 2000
titi835001 calls 2000
*** SHOW DOWN ***
titi835001 shows [4d 4c] (Two pairs : Jacks and 4)
wwf1811 shows [Tc Js] (Full of Jacks and Tens)
wwf1811 collected 7450 from pot
*** SUMMARY ***
Total pot 7450 | No rake
Board: [Th Jc Jh 3d 2h]
Seat 1: titi835001 (big blind) showed [4d 4c] and lost with Two pairs : Jacks and 4
Seat 9: wwf1811 (small blind) showed [Tc Js] and won 7450 with Full of Jacks and Tens


Winamax Poker - Tournament "Freeroll" buyIn: Free level: 12 - HandId: #541906078254760260-17-1439550863 - Holdem no limit (70/300/600) - 2015/08/14 11:14:23 UTC
Table: 'Freeroll(126172341)#323' 9-max (real money) Seat #9 is the button
Seat 1: titi835001 (6250)
Seat 2: Tomacito347 (12065)
Seat 3: jazzman69 (1085)
Seat 4: blufeur13120 (2190)
Seat 5: serekoum (5265)
Seat 6: jeandan70 (8510)
Seat 7: pierro 67 (2780)
Seat 8: manggy94 (1355)
Seat 9: wwf1811 (17040)
*** ANTE/BLINDS ***
titi835001 posts ante 70
Tomacito347 posts ante 70
jazzman69 posts ante 70
blufeur13120 posts ante 70
serekoum posts ante 70
jeandan70 posts ante 70
pierro 67 posts ante 70
manggy94 posts ante 70
wwf1811 posts ante 70
titi835001 posts small blind 300
Tomacito347 posts big blind 600
Dealt to manggy94 [Kd 9h]
*** PRE-FLOP *** 
jazzman69 raises 415 to 1015 and is all-in
blufeur13120 folds
serekoum folds
jeandan70 folds
pierro 67 folds
manggy94 raises 270 to 1285 and is all-in
wwf1811 folds
titi835001 folds
Tomacito347 folds
*** FLOP *** [As 8h Kh]
*** TURN *** [As 8h Kh][3s]
*** RIVER *** [As 8h Kh 3s][5h]
*** SHOW DOWN ***
jazzman69 shows [Qc Ad] (One pair : Aces)
manggy94 shows [Kd 9h] (One pair : Kings)
manggy94 collected 270 from side pot 1
jazzman69 collected 3560 from main pot
*** SUMMARY ***
Total pot 3830 | No rake
Board: [As 8h Kh 3s 5h]
Seat 3: jazzman69 showed [Qc Ad] and won 3560 with One pair : Aces
Seat 8: manggy94 showed [Kd 9h] and won 270 with One pair : Kings


Winamax Poker - Tournament "Freeroll" buyIn: Free level: 13 - HandId: #541906078254760260-18-1439550914 - Holdem no limit (70/300/600) - 2015/08/14 11:15:14 UTC
Table: 'Freeroll(126172341)#323' 9-max (real money) Seat #1 is the button
Seat 1: titi835001 (5880)
Seat 2: Tomacito347 (11395)
Seat 3: jazzman69 (3560)
Seat 4: blufeur13120 (2120)
Seat 5: serekoum (5195)
Seat 6: jeandan70 (8440)
Seat 7: pierro 67 (2710)
Seat 8: manggy94 (270)
Seat 9: wwf1811 (16970)
*** ANTE/BLINDS ***
Tomacito347 posts ante 70
jazzman69 posts ante 70
titi835001 posts ante 70
blufeur13120 posts ante 70
serekoum posts ante 70
jeandan70 posts ante 70
pierro 67 posts ante 70
manggy94 posts ante 70
wwf1811 posts ante 70
Tomacito347 posts small blind 300
jazzman69 posts big blind 600
Dealt to manggy94 [Qc 8h]
*** PRE-FLOP *** 
blufeur13120 folds
serekoum raises 600 to 1200
jeandan70 folds
pierro 67 folds
manggy94 calls 200 and is all-in
wwf1811 folds
titi835001 calls 1200
Tomacito347 calls 900
jazzman69 raises 2290 to 3490 and is all-in
serekoum folds
titi835001 folds
Tomacito347 calls 2290
*** FLOP *** [3c 2h 7c]
*** TURN *** [3c 2h 7c][7s]
*** RIVER *** [3c 2h 7c 7s][5h]
*** SHOW DOWN ***
Tomacito347 shows [Jc Qs] (One pair : 7)
manggy94 shows [Qc 8h] (One pair : 7)
jazzman69 shows [Tc Kh] (One pair : 7)
jazzman69 collected 10210 from pot
*** SUMMARY ***
Total pot 10210 | No rake
Board: [3c 2h 7c 7s 5h]
Seat 2: Tomacito347 (small blind) showed [Jc Qs] and lost with One pair : 7
Seat 3: jazzman69 (big blind) showed [Tc Kh] and won 10210 with One pair : 7
Seat 8: manggy94 showed [Qc 8h] and lost with One pair : 7


