Winamax Poker - Tournament "Freeroll" buyIn: Free level: 0 - HandId: #545387621694571277-1-1440347430 - Holdem no limit (10/20) - 2015/08/23 16:30:30 UTC
Table: 'Freeroll(126982951)#780' 6-max (real money) Seat #1 is the button
Seat 1: portsall64 (3000)
Seat 2: fanight (3000)
Seat 3: x_chaitan (3000)
Seat 4: rilos (3000)
Seat 5: manggy94 (3000)
Seat 6: doudetadoud (3000)
*** ANTE/BLINDS ***
fanight posts small blind 10
x_chaitan posts big blind 20
Dealt to manggy94 [Qs 2c]
*** PRE-FLOP *** 
rilos folds
manggy94 folds
doudetadoud folds
portsall64 raises 20 to 40
fanight folds
x_chaitan calls 20
*** FLOP *** [4d Th 9d]
x_chaitan checks
portsall64 checks
*** TURN *** [4d Th 9d][Td]
x_chaitan checks
portsall64 bets 45
x_chaitan calls 45
*** RIVER *** [4d Th 9d Td][4c]
x_chaitan checks
portsall64 checks
*** SHOW DOWN ***
portsall64 shows [8h Ah] (Two pairs : Tens and 4)
x_chaitan shows [Tc Kc] (Full of Tens and 4)
x_chaitan collected 180 from pot
*** SUMMARY ***
Total pot 180 | No rake
Board: [4d Th 9d Td 4c]
Seat 1: portsall64 (button) showed [8h Ah] and lost with Two pairs : Tens and 4
Seat 3: x_chaitan (big blind) showed [Tc Kc] and won 180 with Full of Tens and 4


Winamax Poker - Tournament "Freeroll" buyIn: Free level: 1 - HandId: #545387621694571277-2-1440347626 - Holdem no limit (15/30) - 2015/08/23 16:33:46 UTC
Table: 'Freeroll(126982951)#780' 6-max (real money) Seat #2 is the button
Seat 1: portsall64 (2915)
Seat 2: fanight (2990)
Seat 3: x_chaitan (3095)
Seat 4: rilos (3000)
Seat 5: manggy94 (3000)
Seat 6: doudetadoud (3000)
*** ANTE/BLINDS ***
x_chaitan posts small blind 15
rilos posts big blind 30
Dealt to manggy94 [7d 8s]
*** PRE-FLOP *** 
manggy94 folds
doudetadoud folds
portsall64 raises 30 to 60
fanight folds
x_chaitan calls 45
rilos folds
*** FLOP *** [Jh 3d Jc]
x_chaitan checks
portsall64 bets 75
x_chaitan folds
portsall64 collected 225 from pot
*** SUMMARY ***
Total pot 225 | No rake
Board: [Jh 3d Jc]
Seat 1: portsall64 won 225


Winamax Poker - Tournament "Freeroll" buyIn: Free level: 1 - HandId: #545387621694571277-3-1440347649 - Holdem no limit (15/30) - 2015/08/23 16:34:09 UTC
Table: 'Freeroll(126982951)#780' 6-max (real money) Seat #3 is the button
Seat 1: portsall64 (3005)
Seat 2: fanight (2990)
Seat 3: x_chaitan (3035)
Seat 4: rilos (2970)
Seat 5: manggy94 (3000)
Seat 6: doudetadoud (3000)
*** ANTE/BLINDS ***
rilos posts small blind 15
manggy94 posts big blind 30
Dealt to manggy94 [8d 4s]
*** PRE-FLOP *** 
doudetadoud folds
portsall64 raises 30 to 60
fanight folds
x_chaitan calls 60
rilos folds
manggy94 folds
*** FLOP *** [5h 4d Ad]
portsall64 checks
x_chaitan checks
*** TURN *** [5h 4d Ad][Jd]
portsall64 bets 30
x_chaitan calls 30
*** RIVER *** [5h 4d Ad Jd][9d]
portsall64 bets 30
x_chaitan calls 30
*** SHOW DOWN ***
x_chaitan shows [6d Ah] (Flush Ace high)
portsall64 shows [Kd Js] (Flush Ace high)
portsall64 collected 285 from pot
*** SUMMARY ***
Total pot 285 | No rake
Board: [5h 4d Ad Jd 9d]
Seat 1: portsall64 showed [Kd Js] and won 285 with Flush Ace high
Seat 3: x_chaitan (button) showed [6d Ah] and lost with Flush Ace high


Winamax Poker - Tournament "Freeroll" buyIn: Free level: 1 - HandId: #545387621694571277-4-1440347694 - Holdem no limit (15/30) - 2015/08/23 16:34:54 UTC
Table: 'Freeroll(126982951)#780' 6-max (real money) Seat #4 is the button
Seat 1: portsall64 (3170)
Seat 2: fanight (2990)
Seat 3: x_chaitan (2915)
Seat 4: rilos (2955)
Seat 5: manggy94 (2970)
Seat 6: FACOM305 (5840)
*** ANTE/BLINDS ***
manggy94 posts small blind 15
FACOM305 posts big blind 30
Dealt to manggy94 [Ad 5c]
*** PRE-FLOP *** 
portsall64 raises 30 to 60
fanight calls 60
x_chaitan calls 60
rilos folds
manggy94 calls 45
FACOM305 folds
*** FLOP *** [3h 2c Qh]
manggy94 checks
portsall64 bets 135
fanight folds
x_chaitan folds
manggy94 folds
portsall64 collected 405 from pot
*** SUMMARY ***
Total pot 405 | No rake
Board: [3h 2c Qh]
Seat 1: portsall64 won 405


Winamax Poker - Tournament "Freeroll" buyIn: Free level: 1 - HandId: #545387621694571277-5-1440347730 - Holdem no limit (15/30) - 2015/08/23 16:35:30 UTC
Table: 'Freeroll(126982951)#780' 6-max (real money) Seat #5 is the button
Seat 1: portsall64 (3380)
Seat 2: fanight (2930)
Seat 3: x_chaitan (2855)
Seat 4: rilos (2955)
Seat 5: manggy94 (2910)
Seat 6: FACOM305 (5810)
*** ANTE/BLINDS ***
FACOM305 posts small blind 15
portsall64 posts big blind 30
Dealt to manggy94 [8h 2c]
*** PRE-FLOP *** 
fanight folds
x_chaitan calls 30
rilos folds
manggy94 folds
FACOM305 folds
portsall64 checks
*** FLOP *** [4c Qc 7d]
portsall64 checks
x_chaitan checks
*** TURN *** [4c Qc 7d][5d]
portsall64 bets 30
x_chaitan calls 30
*** RIVER *** [4c Qc 7d 5d][2d]
portsall64 bets 68
x_chaitan calls 68
*** SHOW DOWN ***
x_chaitan shows [4s 9h] (One pair : 4)
portsall64 shows [3d 6h] (Straight 7 high)
portsall64 collected 271 from pot
*** SUMMARY ***
Total pot 271 | No rake
Board: [4c Qc 7d 5d 2d]
Seat 1: portsall64 (big blind) showed [3d 6h] and won 271 with Straight 7 high
Seat 3: x_chaitan showed [4s 9h] and lost with One pair : 4


Winamax Poker - Tournament "Freeroll" buyIn: Free level: 1 - HandId: #545387621694571277-6-1440347780 - Holdem no limit (15/30) - 2015/08/23 16:36:20 UTC
Table: 'Freeroll(126982951)#780' 6-max (real money) Seat #6 is the button
Seat 1: portsall64 (3523)
Seat 2: fanight (2930)
Seat 3: x_chaitan (2727)
Seat 4: rilos (2955)
Seat 5: manggy94 (2910)
Seat 6: FACOM305 (5795)
*** ANTE/BLINDS ***
portsall64 posts small blind 15
fanight posts big blind 30
Dealt to manggy94 [6s Jc]
*** PRE-FLOP *** 
x_chaitan folds
rilos folds
manggy94 calls 30
FACOM305 folds
portsall64 raises 30 to 60
fanight calls 30
manggy94 calls 30
*** FLOP *** [9d 4h Td]
portsall64 bets 3463 and is all-in
fanight folds
manggy94 folds
portsall64 collected 3643 from pot
*** SUMMARY ***
Total pot 3643 | No rake
Board: [9d 4h Td]
Seat 1: portsall64 (small blind) won 3643


Winamax Poker - Tournament "Freeroll" buyIn: Free level: 2 - HandId: #545387621694571277-7-1440347804 - Holdem no limit (20/40) - 2015/08/23 16:36:44 UTC
Table: 'Freeroll(126982951)#780' 6-max (real money) Seat #1 is the button
Seat 1: portsall64 (3643)
Seat 2: fanight (2870)
Seat 3: x_chaitan (2727)
Seat 4: rilos (2955)
Seat 5: manggy94 (2850)
Seat 6: FACOM305 (5795)
*** ANTE/BLINDS ***
fanight posts small blind 20
x_chaitan posts big blind 40
Dealt to manggy94 [As 5c]
*** PRE-FLOP *** 
rilos folds
manggy94 folds
FACOM305 folds
portsall64 raises 40 to 80
fanight folds
x_chaitan calls 40
*** FLOP *** [2s Jd 7s]
x_chaitan checks
portsall64 bets 40
x_chaitan folds
portsall64 collected 220 from pot
*** SUMMARY ***
Total pot 220 | No rake
Board: [2s Jd 7s]
Seat 1: portsall64 (button) won 220


Winamax Poker - Tournament "Freeroll" buyIn: Free level: 2 - HandId: #545387621694571277-8-1440347833 - Holdem no limit (20/40) - 2015/08/23 16:37:13 UTC
Table: 'Freeroll(126982951)#780' 6-max (real money) Seat #2 is the button
Seat 1: portsall64 (3743)
Seat 2: fanight (2850)
Seat 3: x_chaitan (2647)
Seat 4: rilos (2955)
Seat 5: manggy94 (2850)
Seat 6: FACOM305 (5795)
*** ANTE/BLINDS ***
x_chaitan posts small blind 20
rilos posts big blind 40
Dealt to manggy94 [6s 2d]
*** PRE-FLOP *** 
manggy94 folds
FACOM305 folds
portsall64 folds
fanight calls 40
x_chaitan calls 20
rilos folds
*** FLOP *** [7h 5d Js]
x_chaitan checks
fanight bets 60
x_chaitan folds
fanight collected 180 from pot
*** SUMMARY ***
Total pot 180 | No rake
Board: [7h 5d Js]
Seat 2: fanight (button) won 180


Winamax Poker - Tournament "Freeroll" buyIn: Free level: 2 - HandId: #545387621694571277-9-1440347854 - Holdem no limit (20/40) - 2015/08/23 16:37:34 UTC
Table: 'Freeroll(126982951)#780' 6-max (real money) Seat #3 is the button
Seat 1: portsall64 (3743)
Seat 2: fanight (2930)
Seat 3: x_chaitan (2607)
Seat 4: rilos (2915)
Seat 5: manggy94 (2850)
Seat 6: FACOM305 (5795)
*** ANTE/BLINDS ***
rilos posts small blind 20
manggy94 posts big blind 40
Dealt to manggy94 [Js 4c]
*** PRE-FLOP *** 
FACOM305 folds
portsall64 raises 40 to 80
fanight folds
x_chaitan calls 80
rilos folds
manggy94 folds
*** FLOP *** [4s 6d 9h]
portsall64 bets 110
x_chaitan folds
portsall64 collected 330 from pot
*** SUMMARY ***
Total pot 330 | No rake
Board: [4s 6d 9h]
Seat 1: portsall64 won 330


Winamax Poker - Tournament "Freeroll" buyIn: Free level: 2 - HandId: #545387621694571137-8-1440347876 - Holdem no limit (20/40) - 2015/08/23 16:37:56 UTC
Table: 'Freeroll(126982951)#640' 6-max (real money) Seat #2 is the button
Seat 1: FREEDY43 (2950)
Seat 2: Zeepeek78 (3220)
Seat 3: Mister-Trop (2610)
Seat 4: manggy94 (2810)
Seat 5: chtimi1 (5280)
Seat 6: Nico-82 (4450)
*** ANTE/BLINDS ***
Mister-Trop posts small blind 20
manggy94 posts big blind 40
Dealt to manggy94 [2h Jh]
*** PRE-FLOP *** 
chtimi1 calls 40
Nico-82 folds
FREEDY43 folds
Zeepeek78 calls 40
Mister-Trop calls 20
manggy94 folds
*** FLOP *** [Js Jd As]
Mister-Trop checks
chtimi1 checks
Zeepeek78 checks
*** TURN *** [Js Jd As][8d]
Mister-Trop checks
chtimi1 checks
Zeepeek78 checks
*** RIVER *** [Js Jd As 8d][6h]
Mister-Trop checks
chtimi1 bets 2140
Zeepeek78 folds
Mister-Trop folds
chtimi1 collected 2300 from pot
*** SUMMARY ***
Total pot 2300 | No rake
Board: [Js Jd As 8d 6h]
Seat 5: chtimi1 won 2300


Winamax Poker - Tournament "Freeroll" buyIn: Free level: 2 - HandId: #545387621694571137-9-1440347957 - Holdem no limit (20/40) - 2015/08/23 16:39:17 UTC
Table: 'Freeroll(126982951)#640' 6-max (real money) Seat #3 is the button
Seat 1: FREEDY43 (2950)
Seat 2: Zeepeek78 (3180)
Seat 3: Mister-Trop (2570)
Seat 4: manggy94 (2770)
Seat 5: Sman069 (2930)
Seat 6: Nico-82 (4450)
*** ANTE/BLINDS ***
manggy94 posts small blind 20
Sman069 posts big blind 40
Dealt to manggy94 [6d 7c]
*** PRE-FLOP *** 
Nico-82 folds
FREEDY43 folds
Zeepeek78 calls 40
Mister-Trop calls 40
manggy94 folds
Sman069 folds
*** FLOP *** [4c 4h 8d]
Zeepeek78 checks
Mister-Trop bets 40
Zeepeek78 folds
Mister-Trop collected 180 from pot
*** SUMMARY ***
Total pot 180 | No rake
Board: [4c 4h 8d]
Seat 3: Mister-Trop (button) won 180


Winamax Poker - Tournament "Freeroll" buyIn: Free level: 3 - HandId: #545387621694571137-10-1440348017 - Holdem no limit (30/60) - 2015/08/23 16:40:17 UTC
Table: 'Freeroll(126982951)#640' 6-max (real money) Seat #4 is the button
Seat 1: FREEDY43 (2950)
Seat 2: Zeepeek78 (3140)
Seat 3: Mister-Trop (2670)
Seat 4: manggy94 (2750)
Seat 5: Sman069 (2890)
Seat 6: Nico-82 (4450)
*** ANTE/BLINDS ***
Sman069 posts small blind 30
Nico-82 posts big blind 60
Dealt to manggy94 [4h 6h]
*** PRE-FLOP *** 
FREEDY43 folds
Zeepeek78 folds
Mister-Trop raises 180 to 240
manggy94 folds
Sman069 folds
Nico-82 folds
Mister-Trop collected 330 from pot
*** SUMMARY ***
Total pot 330 | No rake
Seat 3: Mister-Trop won 330


Winamax Poker - Tournament "Freeroll" buyIn: Free level: 3 - HandId: #545387621694571137-11-1440348047 - Holdem no limit (30/60) - 2015/08/23 16:40:47 UTC
Table: 'Freeroll(126982951)#640' 6-max (real money) Seat #5 is the button
Seat 1: FREEDY43 (2950)
Seat 2: Zeepeek78 (3140)
Seat 3: Mister-Trop (2760)
Seat 4: manggy94 (2750)
Seat 5: Sman069 (2860)
Seat 6: Nico-82 (4390)
*** ANTE/BLINDS ***
Nico-82 posts small blind 30
FREEDY43 posts big blind 60
Dealt to manggy94 [9d 8h]
*** PRE-FLOP *** 
Zeepeek78 calls 60
Mister-Trop calls 60
manggy94 folds
Sman069 folds
Nico-82 folds
FREEDY43 folds
*** FLOP *** [Th 9h 4c]
Zeepeek78 checks
Mister-Trop bets 60
Zeepeek78 calls 60
*** TURN *** [Th 9h 4c][4s]
Zeepeek78 checks
Mister-Trop checks
*** RIVER *** [Th 9h 4c 4s][Ad]
Zeepeek78 bets 330
Mister-Trop folds
Zeepeek78 collected 660 from pot
*** SUMMARY ***
Total pot 660 | No rake
Board: [Th 9h 4c 4s Ad]
Seat 2: Zeepeek78 won 660


Winamax Poker - Tournament "Freeroll" buyIn: Free level: 3 - HandId: #545387621694571137-12-1440348096 - Holdem no limit (30/60) - 2015/08/23 16:41:36 UTC
Table: 'Freeroll(126982951)#640' 6-max (real money) Seat #6 is the button
Seat 1: FREEDY43 (2890)
Seat 2: Zeepeek78 (3350)
Seat 3: Mister-Trop (2640)
Seat 4: manggy94 (2750)
Seat 5: Sman069 (2860)
Seat 6: Nico-82 (4360)
*** ANTE/BLINDS ***
FREEDY43 posts small blind 30
Zeepeek78 posts big blind 60
Dealt to manggy94 [Kd Td]
*** PRE-FLOP *** 
Mister-Trop folds
manggy94 folds
Sman069 folds
Nico-82 folds
FREEDY43 folds
Zeepeek78 collected 90 from pot
*** SUMMARY ***
Total pot 90 | No rake
Seat 2: Zeepeek78 (big blind) won 90


Winamax Poker - Tournament "Freeroll" buyIn: Free level: 3 - HandId: #545387621694571137-13-1440348118 - Holdem no limit (30/60) - 2015/08/23 16:41:58 UTC
Table: 'Freeroll(126982951)#640' 6-max (real money) Seat #1 is the button
Seat 1: FREEDY43 (2860)
Seat 2: Zeepeek78 (3380)
Seat 3: Mister-Trop (2640)
Seat 4: manggy94 (2750)
Seat 5: Sman069 (2860)
Seat 6: Nico-82 (4360)
*** ANTE/BLINDS ***
Zeepeek78 posts small blind 30
Mister-Trop posts big blind 60
Dealt to manggy94 [6c 4s]
*** PRE-FLOP *** 
manggy94 folds
Sman069 folds
Nico-82 folds
FREEDY43 folds
Zeepeek78 calls 30
Mister-Trop checks
*** FLOP *** [Th 6h Jc]
Zeepeek78 checks
Mister-Trop bets 120
Zeepeek78 folds
Mister-Trop collected 240 from pot
*** SUMMARY ***
Total pot 240 | No rake
Board: [Th 6h Jc]
Seat 3: Mister-Trop (big blind) won 240


Winamax Poker - Tournament "Freeroll" buyIn: Free level: 3 - HandId: #545387621694571137-14-1440348142 - Holdem no limit (30/60) - 2015/08/23 16:42:22 UTC
Table: 'Freeroll(126982951)#640' 6-max (real money) Seat #2 is the button
Seat 1: FREEDY43 (2860)
Seat 2: Zeepeek78 (3320)
Seat 3: pierrefra813 (4555)
Seat 4: manggy94 (2750)
Seat 5: Sman069 (2860)
Seat 6: Nico-82 (4360)
*** ANTE/BLINDS ***
manggy94 posts big blind 60
Dealt to manggy94 [Qd 2s]
*** PRE-FLOP *** 
Sman069 folds
Nico-82 raises 120 to 180
FREEDY43 folds
Zeepeek78 calls 180
manggy94 folds
*** FLOP *** [Qc Kc 8d]
Nico-82 bets 210
Zeepeek78 calls 210
*** TURN *** [Qc Kc 8d][Th]
Nico-82 bets 180
Zeepeek78 calls 180
*** RIVER *** [Qc Kc 8d Th][Jd]
Nico-82 bets 600
Zeepeek78 folds
Nico-82 collected 1800 from pot
*** SUMMARY ***
Total pot 1800 | No rake
Board: [Qc Kc 8d Th Jd]
Seat 6: Nico-82 won 1800


Winamax Poker - Tournament "Freeroll" buyIn: Free level: 4 - HandId: #545387621694571137-15-1440348188 - Holdem no limit (40/80) - 2015/08/23 16:43:08 UTC
Table: 'Freeroll(126982951)#640' 6-max (real money) Seat #3 is the button
Seat 1: FREEDY43 (2860)
Seat 2: Zeepeek78 (2750)
Seat 3: pierrefra813 (4555)
Seat 4: manggy94 (2690)
Seat 5: Sman069 (2860)
Seat 6: Nico-82 (4990)
*** ANTE/BLINDS ***
manggy94 posts small blind 40
Sman069 posts big blind 80
Dealt to manggy94 [Js Ad]
*** PRE-FLOP *** 
Nico-82 folds
FREEDY43 folds
Zeepeek78 folds
manggy94 folds
Sman069 collected 120 from pot
*** SUMMARY ***
Total pot 120 | No rake
Seat 5: Sman069 (big blind) won 120


Winamax Poker - Tournament "Freeroll" buyIn: Free level: 4 - HandId: #545387621694571137-16-1440348201 - Holdem no limit (40/80) - 2015/08/23 16:43:21 UTC
Table: 'Freeroll(126982951)#640' 6-max (real money) Seat #4 is the button
Seat 1: FREEDY43 (2860)
Seat 2: Zeepeek78 (2750)
Seat 3: pierrefra813 (4555)
Seat 4: manggy94 (2650)
Seat 5: Sman069 (2900)
Seat 6: Nico-82 (4990)
*** ANTE/BLINDS ***
Sman069 posts small blind 40
Nico-82 posts big blind 80
Dealt to manggy94 [3h 3s]
*** PRE-FLOP *** 
FREEDY43 folds
Zeepeek78 calls 80
pierrefra813 folds
manggy94 folds
Sman069 folds
Nico-82 checks
*** FLOP *** [Qh 8d Tc]
Nico-82 checks
Zeepeek78 checks
*** TURN *** [Qh 8d Tc][4c]
Nico-82 checks
Zeepeek78 checks
*** RIVER *** [Qh 8d Tc 4c][6h]
Nico-82 checks
Zeepeek78 bets 2670 and is all-in
Nico-82 folds
Zeepeek78 collected 2870 from pot
*** SUMMARY ***
Total pot 2870 | No rake
Board: [Qh 8d Tc 4c 6h]
Seat 2: Zeepeek78 won 2870


Winamax Poker - Tournament "Freeroll" buyIn: Free level: 4 - HandId: #545387621694571137-17-1440348232 - Holdem no limit (40/80) - 2015/08/23 16:43:52 UTC
Table: 'Freeroll(126982951)#640' 6-max (real money) Seat #5 is the button
Seat 1: FREEDY43 (2860)
Seat 3: pierrefra813 (4555)
Seat 4: manggy94 (2650)
Seat 5: Sman069 (2860)
Seat 6: Nico-82 (4910)
*** ANTE/BLINDS ***
Nico-82 posts small blind 40
FREEDY43 posts big blind 80
Dealt to manggy94 [8s Jc]
*** PRE-FLOP *** 
pierrefra813 calls 80
manggy94 folds
Sman069 folds
Nico-82 calls 40
FREEDY43 folds
*** FLOP *** [9c 6d Ad]
Nico-82 checks
pierrefra813 bets 120
Nico-82 folds
pierrefra813 collected 360 from pot
*** SUMMARY ***
Total pot 360 | No rake
Board: [9c 6d Ad]
Seat 3: pierrefra813 won 360


Winamax Poker - Tournament "Freeroll" buyIn: Free level: 4 - HandId: #545387621694571137-18-1440348254 - Holdem no limit (40/80) - 2015/08/23 16:44:14 UTC
Table: 'Freeroll(126982951)#640' 6-max (real money) Seat #6 is the button
Seat 1: FREEDY43 (2780)
Seat 2: silde7 (2850)
Seat 3: pierrefra813 (4715)
Seat 4: manggy94 (2650)
Seat 5: Sman069 (2860)
Seat 6: Nico-82 (4830)
*** ANTE/BLINDS ***
FREEDY43 posts small blind 40
silde7 posts big blind 80
Dealt to manggy94 [3d 9c]
*** PRE-FLOP *** 
pierrefra813 raises 80 to 160
manggy94 folds
Sman069 folds
Nico-82 calls 160
FREEDY43 folds
silde7 folds
*** FLOP *** [Jc Ah 5d]
pierrefra813 checks
Nico-82 bets 160
pierrefra813 calls 160
*** TURN *** [Jc Ah 5d][2s]
pierrefra813 checks
Nico-82 checks
*** RIVER *** [Jc Ah 5d 2s][2d]
pierrefra813 checks
Nico-82 bets 380
pierrefra813 folds
Nico-82 collected 1140 from pot
*** SUMMARY ***
Total pot 1140 | No rake
Board: [Jc Ah 5d 2s 2d]
Seat 6: Nico-82 (button) won 1140


Winamax Poker - Tournament "Freeroll" buyIn: Free level: 5 - HandId: #545387621694571137-19-1440348335 - Holdem no limit (60/120) - 2015/08/23 16:45:35 UTC
Table: 'Freeroll(126982951)#640' 6-max (real money) Seat #1 is the button
Seat 1: FREEDY43 (2740)
Seat 2: silde7 (2770)
Seat 3: pierrefra813 (4395)
Seat 4: manggy94 (2650)
Seat 5: Sman069 (2860)
Seat 6: Nico-82 (5270)
*** ANTE/BLINDS ***
silde7 posts small blind 60
pierrefra813 posts big blind 120
Dealt to manggy94 [5c 3c]
*** PRE-FLOP *** 
manggy94 folds
Sman069 folds
Nico-82 folds
FREEDY43 folds
silde7 folds
pierrefra813 collected 180 from pot
*** SUMMARY ***
Total pot 180 | No rake
Seat 3: pierrefra813 (big blind) won 180


Winamax Poker - Tournament "Freeroll" buyIn: Free level: 5 - HandId: #545387621694571137-20-1440348345 - Holdem no limit (60/120) - 2015/08/23 16:45:45 UTC
Table: 'Freeroll(126982951)#640' 6-max (real money) Seat #2 is the button
Seat 2: silde7 (2710)
Seat 3: pierrefra813 (4455)
Seat 4: manggy94 (2650)
Seat 5: Sman069 (2860)
Seat 6: Nico-82 (5270)
*** ANTE/BLINDS ***
pierrefra813 posts small blind 60
manggy94 posts big blind 120
Dealt to manggy94 [9d Js]
*** PRE-FLOP *** 
Sman069 folds
Nico-82 folds
silde7 folds
pierrefra813 calls 60
manggy94 folds
pierrefra813 collected 240 from pot
*** SUMMARY ***
Total pot 240 | No rake
Seat 3: pierrefra813 (small blind) won 240


Winamax Poker - Tournament "Freeroll" buyIn: Free level: 5 - HandId: #545387621694571137-21-1440348353 - Holdem no limit (60/120) - 2015/08/23 16:45:53 UTC
Table: 'Freeroll(126982951)#640' 6-max (real money) Seat #3 is the button
Seat 1: novellinho (3705)
Seat 2: silde7 (2710)
Seat 3: pierrefra813 (4575)
Seat 4: manggy94 (2530)
Seat 5: Sman069 (2860)
Seat 6: Nico-82 (5270)
*** ANTE/BLINDS ***
manggy94 posts small blind 60
Sman069 posts big blind 120
Dealt to manggy94 [Kc 2c]
*** PRE-FLOP *** 
Nico-82 folds
novellinho raises 3585 to 3705 and is all-in
silde7 folds
pierrefra813 calls 3705
manggy94 folds
Sman069 folds
*** FLOP *** [Jh Ks 2h]
*** TURN *** [Jh Ks 2h][4d]
*** RIVER *** [Jh Ks 2h 4d][5h]
*** SHOW DOWN ***
novellinho shows [3d 3h] (One pair : 3)
pierrefra813 shows [Kd 2s] (Two pairs : Kings and 2)
pierrefra813 collected 7590 from pot
*** SUMMARY ***
Total pot 7590 | No rake
Board: [Jh Ks 2h 4d 5h]
Seat 1: novellinho showed [3d 3h] and lost with One pair : 3
Seat 3: pierrefra813 (button) showed [Kd 2s] and won 7590 with Two pairs : Kings and 2


Winamax Poker - Tournament "Freeroll" buyIn: Free level: 5 - HandId: #545387621694571137-22-1440348385 - Holdem no limit (60/120) - 2015/08/23 16:46:25 UTC
Table: 'Freeroll(126982951)#640' 6-max (real money) Seat #4 is the button
Seat 2: silde7 (2710)
Seat 3: pierrefra813 (8460)
Seat 4: manggy94 (2470)
Seat 5: Sman069 (2740)
Seat 6: Nico-82 (5270)
*** ANTE/BLINDS ***
Sman069 posts small blind 60
Nico-82 posts big blind 120
Dealt to manggy94 [6s Ts]
*** PRE-FLOP *** 
silde7 folds
pierrefra813 folds
manggy94 folds
Sman069 folds
Nico-82 collected 180 from pot
*** SUMMARY ***
Total pot 180 | No rake
Seat 6: Nico-82 (big blind) won 180


Winamax Poker - Tournament "Freeroll" buyIn: Free level: 5 - HandId: #545387621694571137-23-1440348393 - Holdem no limit (60/120) - 2015/08/23 16:46:33 UTC
Table: 'Freeroll(126982951)#640' 6-max (real money) Seat #5 is the button
Seat 1: VITALIS63 (2020)
Seat 2: silde7 (2710)
Seat 3: pierrefra813 (8460)
Seat 4: manggy94 (2470)
Seat 5: Sman069 (2680)
Seat 6: Nico-82 (5330)
*** ANTE/BLINDS ***
Nico-82 posts small blind 60
VITALIS63 posts big blind 120
Dealt to manggy94 [Th Kh]
*** PRE-FLOP *** 
silde7 folds
pierrefra813 folds
manggy94 folds
Sman069 folds
Nico-82 folds
VITALIS63 collected 180 from pot
*** SUMMARY ***
Total pot 180 | No rake
Seat 1: VITALIS63 (big blind) won 180


Winamax Poker - Tournament "Freeroll" buyIn: Free level: 5 - HandId: #545387621694571137-24-1440348406 - Holdem no limit (60/120) - 2015/08/23 16:46:46 UTC
Table: 'Freeroll(126982951)#640' 6-max (real money) Seat #6 is the button
Seat 1: VITALIS63 (2080)
Seat 2: silde7 (2710)
Seat 3: FORZA OM 13 (6300)
Seat 4: manggy94 (2470)
Seat 5: Sman069 (2680)
Seat 6: Nico-82 (5270)
*** ANTE/BLINDS ***
VITALIS63 posts small blind 60
silde7 posts big blind 120
Dealt to manggy94 [3h 6s]
*** PRE-FLOP *** 
FORZA OM 13 calls 120
manggy94 folds
Sman069 folds
Nico-82 calls 120
VITALIS63 calls 60
silde7 folds
*** FLOP *** [4s Jh 7c]
VITALIS63 checks
FORZA OM 13 checks
Nico-82 bets 240
VITALIS63 calls 240
FORZA OM 13 calls 240
*** TURN *** [4s Jh 7c][2h]
VITALIS63 checks
FORZA OM 13 checks
Nico-82 checks
*** RIVER *** [4s Jh 7c 2h][Ah]
VITALIS63 checks
FORZA OM 13 checks
Nico-82 checks
*** SHOW DOWN ***
VITALIS63 shows [Kc 4c] (One pair : 4)
FORZA OM 13 shows [7s 8s] (One pair : 7)
Nico-82 shows [As 8h] (One pair : Aces)
Nico-82 collected 1200 from pot
*** SUMMARY ***
Total pot 1200 | No rake
Board: [4s Jh 7c 2h Ah]
Seat 1: VITALIS63 (small blind) showed [Kc 4c] and lost with One pair : 4
Seat 3: FORZA OM 13 showed [7s 8s] and lost with One pair : 7
Seat 6: Nico-82 (button) showed [As 8h] and won 1200 with One pair : Aces


Winamax Poker - Tournament "Freeroll" buyIn: Free level: 5 - HandId: #545387621694571137-25-1440348456 - Holdem no limit (60/120) - 2015/08/23 16:47:36 UTC
Table: 'Freeroll(126982951)#640' 6-max (real money) Seat #1 is the button
Seat 1: VITALIS63 (1720)
Seat 2: silde7 (2590)
Seat 3: FORZA OM 13 (5940)
Seat 4: manggy94 (2470)
Seat 5: Sman069 (2680)
Seat 6: Nico-82 (6110)
*** ANTE/BLINDS ***
silde7 posts small blind 60
FORZA OM 13 posts big blind 120
Dealt to manggy94 [Ah 9h]
*** PRE-FLOP *** 
manggy94 folds
Sman069 folds
Nico-82 folds
VITALIS63 calls 120
silde7 folds
FORZA OM 13 checks
*** FLOP *** [6h Qh Jc]
FORZA OM 13 checks
VITALIS63 checks
*** TURN *** [6h Qh Jc][Td]
FORZA OM 13 checks
VITALIS63 checks
*** RIVER *** [6h Qh Jc Td][6s]
FORZA OM 13 bets 120
VITALIS63 folds
FORZA OM 13 collected 420 from pot
*** SUMMARY ***
Total pot 420 | No rake
Board: [6h Qh Jc Td 6s]
Seat 3: FORZA OM 13 (big blind) won 420


Winamax Poker - Tournament "Freeroll" buyIn: Free level: 5 - HandId: #545387621694571137-26-1440348503 - Holdem no limit (60/120) - 2015/08/23 16:48:23 UTC
Table: 'Freeroll(126982951)#640' 6-max (real money) Seat #2 is the button
Seat 1: VITALIS63 (1600)
Seat 2: silde7 (2530)
Seat 3: FORZA OM 13 (6120)
Seat 4: manggy94 (2470)
Seat 5: Sman069 (2680)
Seat 6: Nico-82 (6110)
*** ANTE/BLINDS ***
FORZA OM 13 posts small blind 60
manggy94 posts big blind 120
Dealt to manggy94 [As Ks]
*** PRE-FLOP *** 
Sman069 folds
Nico-82 folds
VITALIS63 calls 120
silde7 folds
FORZA OM 13 calls 60
manggy94 raises 2350 to 2470 and is all-in
VITALIS63 calls 1480 and is all-in
FORZA OM 13 folds
*** FLOP *** [7d 7c 8s]
*** TURN *** [7d 7c 8s][2h]
*** RIVER *** [7d 7c 8s 2h][Td]
*** SHOW DOWN ***
VITALIS63 shows [Ac Kc] (One pair : 7)
manggy94 shows [As Ks] (One pair : 7)
manggy94 collected 2530 from side pot 1
VITALIS63 collected 1660 from main pot
*** SUMMARY ***
Total pot 4190 | No rake
Board: [7d 7c 8s 2h Td]
Seat 1: VITALIS63 showed [Ac Kc] and won 1660 with One pair : 7
Seat 4: manggy94 (big blind) showed [As Ks] and won 2530 with One pair : 7


Winamax Poker - Tournament "Freeroll" buyIn: Free level: 6 - HandId: #545387621694571137-27-1440348531 - Holdem no limit (10/60/120) - 2015/08/23 16:48:51 UTC
Table: 'Freeroll(126982951)#640' 6-max (real money) Seat #3 is the button
Seat 1: VITALIS63 (1660)
Seat 2: silde7 (2530)
Seat 3: FORZA OM 13 (6000)
Seat 4: manggy94 (2530)
Seat 5: Sman069 (2680)
Seat 6: Nico-82 (6110)
*** ANTE/BLINDS ***
manggy94 posts ante 10
Sman069 posts ante 10
VITALIS63 posts ante 10
silde7 posts ante 10
FORZA OM 13 posts ante 10
Nico-82 posts ante 10
manggy94 posts small blind 60
Sman069 posts big blind 120
Dealt to manggy94 [5c Js]
*** PRE-FLOP *** 
Nico-82 calls 120
VITALIS63 calls 120
silde7 folds
FORZA OM 13 calls 120
manggy94 folds
Sman069 folds
*** FLOP *** [7d 5d Kh]
Nico-82 checks
VITALIS63 checks
FORZA OM 13 checks
*** TURN *** [7d 5d Kh][Kd]
Nico-82 checks
VITALIS63 checks
FORZA OM 13 bets 120
Nico-82 calls 120
VITALIS63 folds
*** RIVER *** [7d 5d Kh Kd][4d]
Nico-82 checks
FORZA OM 13 checks
*** SHOW DOWN ***
Nico-82 shows [3s 3h] (Two pairs : Kings and 3)
FORZA OM 13 shows [6h 5s] (Two pairs : Kings and 5)
FORZA OM 13 collected 840 from pot
*** SUMMARY ***
Total pot 840 | No rake
Board: [7d 5d Kh Kd 4d]
Seat 3: FORZA OM 13 (button) showed [6h 5s] and won 840 with Two pairs : Kings and 5
Seat 6: Nico-82 showed [3s 3h] and lost with Two pairs : Kings and 3


Winamax Poker - Tournament "Freeroll" buyIn: Free level: 6 - HandId: #545387621694571137-28-1440348568 - Holdem no limit (10/60/120) - 2015/08/23 16:49:28 UTC
Table: 'Freeroll(126982951)#640' 6-max (real money) Seat #4 is the button
Seat 1: VITALIS63 (1530)
Seat 2: silde7 (2520)
Seat 3: FORZA OM 13 (6590)
Seat 4: manggy94 (2460)
Seat 5: Sman069 (2550)
Seat 6: Nico-82 (5860)
*** ANTE/BLINDS ***
Sman069 posts ante 10
Nico-82 posts ante 10
VITALIS63 posts ante 10
silde7 posts ante 10
FORZA OM 13 posts ante 10
manggy94 posts ante 10
Sman069 posts small blind 60
Nico-82 posts big blind 120
Dealt to manggy94 [6c Qh]
*** PRE-FLOP *** 
VITALIS63 folds
silde7 calls 120
FORZA OM 13 calls 120
manggy94 folds
Sman069 folds
Nico-82 checks
*** FLOP *** [Qs Jc Jd]
Nico-82 checks
silde7 checks
FORZA OM 13 checks
*** TURN *** [Qs Jc Jd][3h]
Nico-82 checks
silde7 bets 120
FORZA OM 13 folds
Nico-82 calls 120
*** RIVER *** [Qs Jc Jd 3h][2c]
Nico-82 checks
silde7 bets 360
Nico-82 calls 360
*** SHOW DOWN ***
Nico-82 shows [8c 8h] (Two pairs : Jacks and 8)
silde7 shows [Js Qd] (Full of Jacks and Queens)
silde7 collected 1440 from pot
*** SUMMARY ***
Total pot 1440 | No rake
Board: [Qs Jc Jd 3h 2c]
Seat 2: silde7 showed [Js Qd] and won 1440 with Full of Jacks and Queens
Seat 6: Nico-82 (big blind) showed [8c 8h] and lost with Two pairs : Jacks and 8


Winamax Poker - Tournament "Freeroll" buyIn: Free level: 6 - HandId: #545387621694571137-29-1440348639 - Holdem no limit (10/60/120) - 2015/08/23 16:50:39 UTC
Table: 'Freeroll(126982951)#640' 6-max (real money) Seat #5 is the button
Seat 1: VITALIS63 (1520)
Seat 2: silde7 (3350)
Seat 3: FORZA OM 13 (6460)
Seat 4: manggy94 (2450)
Seat 5: Sman069 (2480)
Seat 6: Nico-82 (5250)
*** ANTE/BLINDS ***
Nico-82 posts ante 10
VITALIS63 posts ante 10
silde7 posts ante 10
FORZA OM 13 posts ante 10
manggy94 posts ante 10
Sman069 posts ante 10
Nico-82 posts small blind 60
VITALIS63 posts big blind 120
Dealt to manggy94 [Jc 3s]
*** PRE-FLOP *** 
silde7 folds
FORZA OM 13 folds
manggy94 folds
Sman069 folds
Nico-82 raises 240 to 360
VITALIS63 folds
Nico-82 collected 540 from pot
*** SUMMARY ***
Total pot 540 | No rake
Seat 6: Nico-82 (small blind) won 540


Winamax Poker - Tournament "Freeroll" buyIn: Free level: 6 - HandId: #545387621694571137-30-1440348662 - Holdem no limit (10/60/120) - 2015/08/23 16:51:02 UTC
Table: 'Freeroll(126982951)#640' 6-max (real money) Seat #6 is the button
Seat 1: VITALIS63 (1390)
Seat 2: silde7 (3340)
Seat 3: FORZA OM 13 (6450)
Seat 4: manggy94 (2440)
Seat 5: Sman069 (2470)
Seat 6: Nico-82 (5420)
*** ANTE/BLINDS ***
VITALIS63 posts ante 10
silde7 posts ante 10
FORZA OM 13 posts ante 10
manggy94 posts ante 10
Sman069 posts ante 10
Nico-82 posts ante 10
VITALIS63 posts small blind 60
silde7 posts big blind 120
Dealt to manggy94 [6d 2c]
*** PRE-FLOP *** 
FORZA OM 13 raises 120 to 240
manggy94 folds
Sman069 folds
Nico-82 calls 240
VITALIS63 folds
silde7 calls 120
*** FLOP *** [9s 7s Jc]
silde7 checks
FORZA OM 13 bets 840
Nico-82 folds
silde7 folds
FORZA OM 13 collected 1680 from pot
*** SUMMARY ***
Total pot 1680 | No rake
Board: [9s 7s Jc]
Seat 3: FORZA OM 13 won 1680


Winamax Poker - Tournament "Freeroll" buyIn: Free level: 6 - HandId: #545387621694571137-31-1440348688 - Holdem no limit (15/75/150) - 2015/08/23 16:51:28 UTC
Table: 'Freeroll(126982951)#640' 6-max (real money) Seat #1 is the button
Seat 1: VITALIS63 (1320)
Seat 2: silde7 (3090)
Seat 3: FORZA OM 13 (7040)
Seat 4: manggy94 (2430)
Seat 5: Sman069 (2460)
Seat 6: Nico-82 (5170)
*** ANTE/BLINDS ***
silde7 posts ante 15
FORZA OM 13 posts ante 15
VITALIS63 posts ante 15
manggy94 posts ante 15
Sman069 posts ante 15
Nico-82 posts ante 15
silde7 posts small blind 75
FORZA OM 13 posts big blind 150
Dealt to manggy94 [3s 4d]
*** PRE-FLOP *** 
manggy94 folds
Sman069 folds
Nico-82 folds
VITALIS63 calls 150
silde7 raises 2925 to 3075 and is all-in
FORZA OM 13 folds
VITALIS63 calls 1155 and is all-in
*** FLOP *** [Ac 3d 7d]
*** TURN *** [Ac 3d 7d][Jc]
*** RIVER *** [Ac 3d 7d Jc][Kc]
*** SHOW DOWN ***
VITALIS63 shows [Th Ad] (One pair : Aces)
silde7 shows [As 9s] (One pair : Aces)
silde7 collected 1770 from side pot 1
VITALIS63 collected 2850 from main pot
*** SUMMARY ***
Total pot 4620 | No rake
Board: [Ac 3d 7d Jc Kc]
Seat 1: VITALIS63 (button) showed [Th Ad] and won 2850 with One pair : Aces
Seat 2: silde7 (small blind) showed [As 9s] and won 1770 with One pair : Aces


Winamax Poker - Tournament "Freeroll" buyIn: Free level: 7 - HandId: #545387621694571137-32-1440348712 - Holdem no limit (15/75/150) - 2015/08/23 16:51:52 UTC
Table: 'Freeroll(126982951)#640' 6-max (real money) Seat #2 is the button
Seat 1: VITALIS63 (2850)
Seat 2: silde7 (1770)
Seat 3: FORZA OM 13 (6875)
Seat 4: manggy94 (2415)
Seat 5: Sman069 (2445)
Seat 6: Nico-82 (5155)
*** ANTE/BLINDS ***
FORZA OM 13 posts ante 15
manggy94 posts ante 15
VITALIS63 posts ante 15
silde7 posts ante 15
Sman069 posts ante 15
Nico-82 posts ante 15
FORZA OM 13 posts small blind 75
manggy94 posts big blind 150
Dealt to manggy94 [4d 3h]
*** PRE-FLOP *** 
Sman069 folds
Nico-82 calls 150
VITALIS63 calls 150
silde7 calls 150
FORZA OM 13 calls 75
manggy94 folds
*** FLOP *** [7h Kh 6s]
FORZA OM 13 checks
Nico-82 checks
VITALIS63 checks
silde7 bets 1605 and is all-in
FORZA OM 13 folds
Nico-82 folds
VITALIS63 folds
silde7 collected 2445 from pot
*** SUMMARY ***
Total pot 2445 | No rake
Board: [7h Kh 6s]
Seat 2: silde7 (button) won 2445


Winamax Poker - Tournament "Freeroll" buyIn: Free level: 7 - HandId: #545387621694571137-33-1440348746 - Holdem no limit (15/75/150) - 2015/08/23 16:52:26 UTC
Table: 'Freeroll(126982951)#640' 6-max (real money) Seat #3 is the button
Seat 1: VITALIS63 (2685)
Seat 2: silde7 (2445)
Seat 3: FORZA OM 13 (6710)
Seat 4: manggy94 (2250)
Seat 5: Sman069 (2430)
Seat 6: Nico-82 (4990)
*** ANTE/BLINDS ***
manggy94 posts ante 15
Sman069 posts ante 15
VITALIS63 posts ante 15
silde7 posts ante 15
FORZA OM 13 posts ante 15
Nico-82 posts ante 15
manggy94 posts small blind 75
Sman069 posts big blind 150
Dealt to manggy94 [6s 7d]
*** PRE-FLOP *** 
Nico-82 folds
VITALIS63 folds
silde7 calls 150
FORZA OM 13 calls 150
manggy94 folds
Sman069 folds
*** FLOP *** [9c 6d 4h]
silde7 bets 2280 and is all-in
FORZA OM 13 folds
silde7 collected 2895 from pot
*** SUMMARY ***
Total pot 2895 | No rake
Board: [9c 6d 4h]
Seat 2: silde7 won 2895


Winamax Poker - Tournament "Freeroll" buyIn: Free level: 7 - HandId: #545387621694571137-34-1440348769 - Holdem no limit (15/75/150) - 2015/08/23 16:52:49 UTC
Table: 'Freeroll(126982951)#640' 6-max (real money) Seat #4 is the button
Seat 1: VITALIS63 (2670)
Seat 2: silde7 (2895)
Seat 3: FORZA OM 13 (6545)
Seat 4: manggy94 (2160)
Seat 5: Sman069 (2265)
Seat 6: Nico-82 (4975)
*** ANTE/BLINDS ***
Sman069 posts ante 15
Nico-82 posts ante 15
VITALIS63 posts ante 15
silde7 posts ante 15
FORZA OM 13 posts ante 15
manggy94 posts ante 15
Sman069 posts small blind 75
Nico-82 posts big blind 150
Dealt to manggy94 [Kh Ah]
*** PRE-FLOP *** 
VITALIS63 calls 150
silde7 folds
FORZA OM 13 folds
manggy94 folds
Sman069 folds
Nico-82 checks
*** FLOP *** [4h 8s Qh]
Nico-82 checks
VITALIS63 checks
*** TURN *** [4h 8s Qh][3c]
Nico-82 checks
VITALIS63 checks
*** RIVER *** [4h 8s Qh 3c][Qd]
Nico-82 checks
VITALIS63 checks
*** SHOW DOWN ***
Nico-82 shows [Jc 2h] (One pair : Queens)
VITALIS63 shows [Ts Js] (One pair : Queens)
VITALIS63 collected 465 from pot
*** SUMMARY ***
Total pot 465 | No rake
Board: [4h 8s Qh 3c Qd]
Seat 1: VITALIS63 showed [Ts Js] and won 465 with One pair : Queens
Seat 6: Nico-82 (big blind) showed [Jc 2h] and lost with One pair : Queens


Winamax Poker - Tournament "Freeroll" buyIn: Free level: 7 - HandId: #545387621694571137-35-1440348804 - Holdem no limit (15/75/150) - 2015/08/23 16:53:24 UTC
Table: 'Freeroll(126982951)#640' 6-max (real money) Seat #5 is the button
Seat 1: VITALIS63 (2970)
Seat 2: silde7 (2880)
Seat 3: FORZA OM 13 (6530)
Seat 4: manggy94 (2145)
Seat 5: Sman069 (2175)
Seat 6: Nico-82 (4810)
*** ANTE/BLINDS ***
Nico-82 posts ante 15
VITALIS63 posts ante 15
silde7 posts ante 15
FORZA OM 13 posts ante 15
manggy94 posts ante 15
Sman069 posts ante 15
Nico-82 posts small blind 75
VITALIS63 posts big blind 150
Dealt to manggy94 [3d Qs]
*** PRE-FLOP *** 
silde7 calls 150
FORZA OM 13 folds
manggy94 folds
Sman069 folds
Nico-82 calls 75
VITALIS63 checks
*** FLOP *** [2s 6s As]
Nico-82 checks
VITALIS63 checks
silde7 checks
*** TURN *** [2s 6s As][6d]
Nico-82 checks
VITALIS63 checks
silde7 checks
*** RIVER *** [2s 6s As 6d][Qc]
Nico-82 checks
VITALIS63 checks
silde7 bets 150
Nico-82 folds
VITALIS63 folds
silde7 collected 690 from pot
*** SUMMARY ***
Total pot 690 | No rake
Board: [2s 6s As 6d Qc]
Seat 2: silde7 won 690


Winamax Poker - Tournament "Freeroll" buyIn: Free level: 7 - HandId: #545387621694571137-36-1440348848 - Holdem no limit (15/75/150) - 2015/08/23 16:54:08 UTC
Table: 'Freeroll(126982951)#640' 6-max (real money) Seat #6 is the button
Seat 1: VITALIS63 (2805)
Seat 2: silde7 (3255)
Seat 3: FORZA OM 13 (6515)
Seat 4: manggy94 (2130)
Seat 5: Sman069 (2160)
Seat 6: Nico-82 (4645)
*** ANTE/BLINDS ***
VITALIS63 posts ante 15
silde7 posts ante 15
FORZA OM 13 posts ante 15
manggy94 posts ante 15
Sman069 posts ante 15
Nico-82 posts ante 15
VITALIS63 posts small blind 75
silde7 posts big blind 150
Dealt to manggy94 [3s 3d]
*** PRE-FLOP *** 
FORZA OM 13 calls 150
manggy94 folds
Sman069 folds
Nico-82 folds
VITALIS63 folds
silde7 checks
*** FLOP *** [Qs Th 4s]
silde7 checks
FORZA OM 13 checks
*** TURN *** [Qs Th 4s][2d]
silde7 checks
FORZA OM 13 checks
*** RIVER *** [Qs Th 4s 2d][As]
silde7 checks
FORZA OM 13 checks
*** SHOW DOWN ***
silde7 shows [5c 7s] (High card : Ace)
FORZA OM 13 shows [8d 7d] (High card : Ace)
FORZA OM 13 collected 465 from pot
*** SUMMARY ***
Total pot 465 | No rake
Board: [Qs Th 4s 2d As]
Seat 2: silde7 (big blind) showed [5c 7s] and lost with High card : Ace
Seat 3: FORZA OM 13 showed [8d 7d] and won 465 with High card : Ace


Winamax Poker - Tournament "Freeroll" buyIn: Free level: 8 - HandId: #545387621694571137-37-1440348879 - Holdem no limit (20/100/200) - 2015/08/23 16:54:39 UTC
Table: 'Freeroll(126982951)#640' 6-max (real money) Seat #1 is the button
Seat 1: VITALIS63 (2715)
Seat 2: silde7 (3090)
Seat 3: FORZA OM 13 (6815)
Seat 4: manggy94 (2115)
Seat 5: Sman069 (2145)
Seat 6: Nico-82 (4630)
*** ANTE/BLINDS ***
silde7 posts ante 20
FORZA OM 13 posts ante 20
VITALIS63 posts ante 20
manggy94 posts ante 20
Sman069 posts ante 20
Nico-82 posts ante 20
silde7 posts small blind 100
FORZA OM 13 posts big blind 200
Dealt to manggy94 [4d Ac]
*** PRE-FLOP *** 
manggy94 folds
Sman069 folds
Nico-82 calls 200
VITALIS63 folds
silde7 calls 100
FORZA OM 13 checks
*** FLOP *** [6h 7c 2d]
silde7 bets 200
FORZA OM 13 folds
Nico-82 folds
silde7 collected 920 from pot
*** SUMMARY ***
Total pot 920 | No rake
Board: [6h 7c 2d]
Seat 2: silde7 (small blind) won 920


Winamax Poker - Tournament "Freeroll" buyIn: Free level: 8 - HandId: #545387621694571137-38-1440349203 - Holdem no limit (20/100/200) - 2015/08/23 17:00:03 UTC
Table: 'Freeroll(126982951)#640' 6-max (real money) Seat #2 is the button
Seat 1: VITALIS63 (2695)
Seat 2: silde7 (3590)
Seat 3: FORZA OM 13 (6595)
Seat 4: manggy94 (2095)
Seat 5: Sman069 (2125)
Seat 6: Nico-82 (4410)
*** ANTE/BLINDS ***
FORZA OM 13 posts ante 20
manggy94 posts ante 20
VITALIS63 posts ante 20
silde7 posts ante 20
Sman069 posts ante 20
Nico-82 posts ante 20
FORZA OM 13 posts small blind 100
manggy94 posts big blind 200
Dealt to manggy94 [8s 9c]
*** PRE-FLOP *** 
Sman069 folds
Nico-82 raises 300 to 500
VITALIS63 calls 500
silde7 folds
FORZA OM 13 calls 400
manggy94 folds
*** FLOP *** [8d 2s Kc]
FORZA OM 13 checks
Nico-82 checks
VITALIS63 checks
*** TURN *** [8d 2s Kc][7h]
FORZA OM 13 checks
Nico-82 checks
VITALIS63 checks
*** RIVER *** [8d 2s Kc 7h][6s]
FORZA OM 13 bets 200
Nico-82 folds
VITALIS63 calls 200
*** SHOW DOWN ***
VITALIS63 shows [Qd As] (High card : Ace)
FORZA OM 13 shows [Jd 6d] (One pair : 6)
FORZA OM 13 collected 2220 from pot
*** SUMMARY ***
Total pot 2220 | No rake
Board: [8d 2s Kc 7h 6s]
Seat 1: VITALIS63 showed [Qd As] and lost with High card : Ace
Seat 3: FORZA OM 13 (small blind) showed [Jd 6d] and won 2220 with One pair : 6


Winamax Poker - Tournament "Freeroll" buyIn: Free level: 8 - HandId: #545387621694571137-39-1440349255 - Holdem no limit (20/100/200) - 2015/08/23 17:00:55 UTC
Table: 'Freeroll(126982951)#640' 6-max (real money) Seat #3 is the button
Seat 1: VITALIS63 (1975)
Seat 2: silde7 (3570)
Seat 3: FORZA OM 13 (8095)
Seat 4: manggy94 (1875)
Seat 5: Sman069 (2105)
Seat 6: Nico-82 (3890)
*** ANTE/BLINDS ***
manggy94 posts ante 20
Sman069 posts ante 20
VITALIS63 posts ante 20
silde7 posts ante 20
FORZA OM 13 posts ante 20
Nico-82 posts ante 20
manggy94 posts small blind 100
Sman069 posts big blind 200
Dealt to manggy94 [7s Td]
*** PRE-FLOP *** 
Nico-82 folds
VITALIS63 folds
silde7 raises 3350 to 3550 and is all-in
FORZA OM 13 calls 3550
manggy94 folds
Sman069 folds
*** FLOP *** [Tc 2s 2h]
*** TURN *** [Tc 2s 2h][9c]
*** RIVER *** [Tc 2s 2h 9c][Qd]
*** SHOW DOWN ***
silde7 shows [5h As] (One pair : 2)
FORZA OM 13 shows [8h Ac] (One pair : 2)
FORZA OM 13 collected 3760 from pot
silde7 collected 3760 from pot
*** SUMMARY ***
Total pot 7520 | No rake
Board: [Tc 2s 2h 9c Qd]
Seat 2: silde7 showed [5h As] and won 3760 with One pair : 2
Seat 3: FORZA OM 13 (button) showed [8h Ac] and won 3760 with One pair : 2


Winamax Poker - Tournament "Freeroll" buyIn: Free level: 8 - HandId: #545387621694571137-40-1440349279 - Holdem no limit (20/100/200) - 2015/08/23 17:01:19 UTC
Table: 'Freeroll(126982951)#640' 6-max (real money) Seat #4 is the button
Seat 1: VITALIS63 (1955)
Seat 2: silde7 (3760)
Seat 3: FORZA OM 13 (8285)
Seat 4: manggy94 (1755)
Seat 5: Sman069 (1885)
Seat 6: Nico-82 (3870)
*** ANTE/BLINDS ***
Sman069 posts ante 20
Nico-82 posts ante 20
VITALIS63 posts ante 20
silde7 posts ante 20
FORZA OM 13 posts ante 20
manggy94 posts ante 20
Sman069 posts small blind 100
Nico-82 posts big blind 200
Dealt to manggy94 [7c 9s]
*** PRE-FLOP *** 
VITALIS63 calls 200
silde7 folds
FORZA OM 13 folds
manggy94 folds
Sman069 folds
Nico-82 raises 400 to 600
VITALIS63 calls 400
*** FLOP *** [6s 8h Js]
Nico-82 checks
VITALIS63 checks
*** TURN *** [6s 8h Js][Kh]
Nico-82 bets 400
VITALIS63 calls 400
*** RIVER *** [6s 8h Js Kh][2c]
Nico-82 bets 1000
VITALIS63 folds
Nico-82 collected 3220 from pot
*** SUMMARY ***
Total pot 3220 | No rake
Board: [6s 8h Js Kh 2c]
Seat 6: Nico-82 (big blind) won 3220


Winamax Poker - Tournament "Freeroll" buyIn: Free level: 8 - HandId: #545387621694571137-41-1440349320 - Holdem no limit (20/100/200) - 2015/08/23 17:02:00 UTC
Table: 'Freeroll(126982951)#640' 6-max (real money) Seat #5 is the button
Seat 1: VITALIS63 (935)
Seat 2: silde7 (3740)
Seat 3: FORZA OM 13 (8265)
Seat 4: manggy94 (1735)
Seat 5: Sman069 (1765)
Seat 6: Nico-82 (5070)
*** ANTE/BLINDS ***
Nico-82 posts ante 20
VITALIS63 posts ante 20
silde7 posts ante 20
FORZA OM 13 posts ante 20
manggy94 posts ante 20
Sman069 posts ante 20
Nico-82 posts small blind 100
VITALIS63 posts big blind 200
Dealt to manggy94 [5h 2h]
*** PRE-FLOP *** 
silde7 folds
FORZA OM 13 folds
manggy94 folds
Sman069 folds
Nico-82 calls 100
VITALIS63 raises 715 to 915 and is all-in
Nico-82 folds
VITALIS63 collected 1235 from pot
*** SUMMARY ***
Total pot 1235 | No rake
Seat 1: VITALIS63 (big blind) won 1235


Winamax Poker - Tournament "Freeroll" buyIn: Free level: 9 - HandId: #545387621694571137-42-1440349349 - Holdem no limit (25/125/250) - 2015/08/23 17:02:29 UTC
Table: 'Freeroll(126982951)#640' 6-max (real money) Seat #6 is the button
Seat 1: VITALIS63 (1235)
Seat 2: silde7 (3720)
Seat 3: FORZA OM 13 (8245)
Seat 4: manggy94 (1715)
Seat 5: Sman069 (1745)
Seat 6: Nico-82 (4850)
*** ANTE/BLINDS ***
VITALIS63 posts ante 25
silde7 posts ante 25
FORZA OM 13 posts ante 25
manggy94 posts ante 25
Sman069 posts ante 25
Nico-82 posts ante 25
VITALIS63 posts small blind 125
silde7 posts big blind 250
Dealt to manggy94 [7d Ac]
*** PRE-FLOP *** 
FORZA OM 13 folds
manggy94 folds
Sman069 folds
Nico-82 folds
VITALIS63 calls 125
silde7 checks
*** FLOP *** [4h 6d Tc]
VITALIS63 bets 960 and is all-in
silde7 folds
VITALIS63 collected 1610 from pot
*** SUMMARY ***
Total pot 1610 | No rake
Board: [4h 6d Tc]
Seat 1: VITALIS63 (small blind) won 1610


Winamax Poker - Tournament "Freeroll" buyIn: Free level: 9 - HandId: #545387621694571137-43-1440349373 - Holdem no limit (25/125/250) - 2015/08/23 17:02:53 UTC
Table: 'Freeroll(126982951)#640' 6-max (real money) Seat #1 is the button
Seat 1: VITALIS63 (1610)
Seat 2: silde7 (3445)
Seat 3: FORZA OM 13 (8220)
Seat 4: manggy94 (1690)
Seat 5: Sman069 (1720)
Seat 6: Nico-82 (4825)
*** ANTE/BLINDS ***
silde7 posts ante 25
FORZA OM 13 posts ante 25
VITALIS63 posts ante 25
manggy94 posts ante 25
Sman069 posts ante 25
Nico-82 posts ante 25
silde7 posts small blind 125
FORZA OM 13 posts big blind 250
Dealt to manggy94 [2c 5c]
*** PRE-FLOP *** 
manggy94 folds
Sman069 folds
Nico-82 folds
VITALIS63 calls 250
silde7 calls 125
FORZA OM 13 checks
*** FLOP *** [6s 6c Jd]
silde7 bets 3170 and is all-in
FORZA OM 13 folds
VITALIS63 folds
silde7 collected 4070 from pot
*** SUMMARY ***
Total pot 4070 | No rake
Board: [6s 6c Jd]
Seat 2: silde7 (small blind) won 4070


Winamax Poker - Tournament "Freeroll" buyIn: Free level: 9 - HandId: #545387621694571137-44-1440349394 - Holdem no limit (25/125/250) - 2015/08/23 17:03:14 UTC
Table: 'Freeroll(126982951)#640' 6-max (real money) Seat #2 is the button
Seat 1: VITALIS63 (1335)
Seat 2: silde7 (4070)
Seat 3: FORZA OM 13 (7945)
Seat 4: manggy94 (1665)
Seat 5: Sman069 (1695)
Seat 6: Nico-82 (4800)
*** ANTE/BLINDS ***
FORZA OM 13 posts ante 25
manggy94 posts ante 25
VITALIS63 posts ante 25
silde7 posts ante 25
Sman069 posts ante 25
Nico-82 posts ante 25
FORZA OM 13 posts small blind 125
manggy94 posts big blind 250
Dealt to manggy94 [Jd Kc]
*** PRE-FLOP *** 
Sman069 folds
Nico-82 folds
VITALIS63 folds
silde7 raises 3795 to 4045 and is all-in
FORZA OM 13 folds
manggy94 folds
silde7 collected 4570 from pot
*** SUMMARY ***
Total pot 4570 | No rake
Seat 2: silde7 (button) won 4570


Winamax Poker - Tournament "Freeroll" buyIn: Free level: 9 - HandId: #545387621694571137-45-1440349407 - Holdem no limit (25/125/250) - 2015/08/23 17:03:27 UTC
Table: 'Freeroll(126982951)#640' 6-max (real money) Seat #3 is the button
Seat 1: VITALIS63 (1310)
Seat 2: silde7 (4570)
Seat 3: FORZA OM 13 (7795)
Seat 4: manggy94 (1390)
Seat 5: Sman069 (1670)
Seat 6: Nico-82 (4775)
*** ANTE/BLINDS ***
manggy94 posts ante 25
Sman069 posts ante 25
VITALIS63 posts ante 25
silde7 posts ante 25
FORZA OM 13 posts ante 25
Nico-82 posts ante 25
manggy94 posts small blind 125
Sman069 posts big blind 250
Dealt to manggy94 [8d Td]
*** PRE-FLOP *** 
Nico-82 raises 500 to 750
VITALIS63 folds
silde7 folds
FORZA OM 13 folds
manggy94 folds
Sman069 folds
Nico-82 collected 1275 from pot
*** SUMMARY ***
Total pot 1275 | No rake
Seat 6: Nico-82 won 1275


Winamax Poker - Tournament "Freeroll" buyIn: Free level: 9 - HandId: #545387621694571137-46-1440349429 - Holdem no limit (25/125/250) - 2015/08/23 17:03:49 UTC
Table: 'Freeroll(126982951)#640' 6-max (real money) Seat #4 is the button
Seat 1: VITALIS63 (1285)
Seat 2: silde7 (4545)
Seat 3: FORZA OM 13 (7770)
Seat 4: manggy94 (1240)
Seat 5: Sman069 (1395)
Seat 6: Nico-82 (5275)
*** ANTE/BLINDS ***
Sman069 posts ante 25
Nico-82 posts ante 25
VITALIS63 posts ante 25
silde7 posts ante 25
FORZA OM 13 posts ante 25
manggy94 posts ante 25
Sman069 posts small blind 125
Nico-82 posts big blind 250
Dealt to manggy94 [8h 4d]
*** PRE-FLOP *** 
VITALIS63 folds
silde7 folds
FORZA OM 13 raises 775 to 1025
manggy94 folds
Sman069 folds
Nico-82 raises 4225 to 5250 and is all-in
FORZA OM 13 calls 4225
*** FLOP *** [Ac 4h 4c]
*** TURN *** [Ac 4h 4c][Ts]
*** RIVER *** [Ac 4h 4c Ts][Kc]
*** SHOW DOWN ***
Nico-82 shows [9d 9s] (Two pairs : 9 and 4)
FORZA OM 13 shows [Qc As] (Two pairs : Aces and 4)
FORZA OM 13 collected 10775 from pot
*** SUMMARY ***
Total pot 10775 | No rake
Board: [Ac 4h 4c Ts Kc]
Seat 3: FORZA OM 13 showed [Qc As] and won 10775 with Two pairs : Aces and 4
Seat 6: Nico-82 (big blind) showed [9d 9s] and lost with Two pairs : 9 and 4


Winamax Poker - Tournament "Freeroll" buyIn: Free level: 9 - HandId: #545387621694571137-47-1440349460 - Holdem no limit (25/125/250) - 2015/08/23 17:04:20 UTC
Table: 'Freeroll(126982951)#640' 6-max (real money) Seat #5 is the button
Seat 1: VITALIS63 (1260)
Seat 2: silde7 (4520)
Seat 3: FORZA OM 13 (13270)
Seat 4: manggy94 (1215)
Seat 5: Sman069 (1245)
*** ANTE/BLINDS ***
VITALIS63 posts ante 25
silde7 posts ante 25
FORZA OM 13 posts ante 25
manggy94 posts ante 25
Sman069 posts ante 25
VITALIS63 posts big blind 250
Dealt to manggy94 [8h 3c]
*** PRE-FLOP *** 
silde7 calls 250
FORZA OM 13 calls 250
manggy94 folds
Sman069 folds
VITALIS63 checks
*** FLOP *** [2d Ah Qs]
VITALIS63 checks
silde7 checks
FORZA OM 13 bets 250
VITALIS63 folds
silde7 folds
FORZA OM 13 collected 1125 from pot
*** SUMMARY ***
Total pot 1125 | No rake
Board: [2d Ah Qs]
Seat 3: FORZA OM 13 won 1125


Winamax Poker - Tournament "Freeroll" buyIn: Free level: 9 - HandId: #545387621694571137-48-1440349491 - Holdem no limit (25/125/250) - 2015/08/23 17:04:51 UTC
Table: 'Freeroll(126982951)#640' 6-max (real money) Seat #6 is the button
Seat 1: VITALIS63 (985)
Seat 2: silde7 (4245)
Seat 4: manggy94 (1190)
Seat 5: Sman069 (1220)
Seat 6: gadjetpat (1435)
*** ANTE/BLINDS ***
VITALIS63 posts ante 25
silde7 posts ante 25
manggy94 posts ante 25
Sman069 posts ante 25
VITALIS63 posts small blind 125
silde7 posts big blind 250
Dealt to manggy94 [6d 6c]
*** PRE-FLOP *** 
manggy94 folds
Sman069 folds
VITALIS63 calls 125
silde7 checks
*** FLOP *** [2c 5c Kd]
VITALIS63 bets 710 and is all-in
silde7 folds
VITALIS63 collected 1310 from pot
*** SUMMARY ***
Total pot 1310 | No rake
Board: [2c 5c Kd]
Seat 1: VITALIS63 (small blind) won 1310


Winamax Poker - Tournament "Freeroll" buyIn: Free level: 9 - HandId: #545387621694571137-49-1440349510 - Holdem no limit (25/125/250) - 2015/08/23 17:05:10 UTC
Table: 'Freeroll(126982951)#640' 6-max (real money) Seat #1 is the button
Seat 1: VITALIS63 (1310)
Seat 2: silde7 (3970)
Seat 3: Gege0062 (7145)
Seat 4: manggy94 (1165)
Seat 5: Sman069 (1195)
Seat 6: gadjetpat (1435)
*** ANTE/BLINDS ***
silde7 posts ante 25
Gege0062 posts ante 25
VITALIS63 posts ante 25
manggy94 posts ante 25
Sman069 posts ante 25
gadjetpat posts ante 25
silde7 posts small blind 125
Gege0062 posts big blind 250
Dealt to manggy94 [Kc Jh]
*** PRE-FLOP *** 
manggy94 folds
Sman069 folds
gadjetpat folds
VITALIS63 folds
silde7 calls 125
Gege0062 checks
*** FLOP *** [7h Ks 3d]
silde7 bets 250
Gege0062 calls 250
*** TURN *** [7h Ks 3d][2h]
silde7 bets 250
Gege0062 calls 250
*** RIVER *** [7h Ks 3d 2h][9h]
silde7 bets 250
Gege0062 folds
silde7 collected 1900 from pot
*** SUMMARY ***
Total pot 1900 | No rake
Board: [7h Ks 3d 2h 9h]
Seat 2: silde7 (small blind) won 1900


Winamax Poker - Tournament "Freeroll" buyIn: Free level: 10 - HandId: #545387621694571137-50-1440349546 - Holdem no limit (35/150/300) - 2015/08/23 17:05:46 UTC
Table: 'Freeroll(126982951)#640' 6-max (real money) Seat #2 is the button
Seat 1: VITALIS63 (1285)
Seat 2: silde7 (4845)
Seat 3: Gege0062 (6370)
Seat 4: manggy94 (1140)
Seat 5: Sman069 (1170)
Seat 6: gadjetpat (1410)
*** ANTE/BLINDS ***
Gege0062 posts ante 35
manggy94 posts ante 35
VITALIS63 posts ante 35
silde7 posts ante 35
Sman069 posts ante 35
gadjetpat posts ante 35
Gege0062 posts small blind 150
manggy94 posts big blind 300
Dealt to manggy94 [3s 5h]
*** PRE-FLOP *** 
Sman069 folds
gadjetpat folds
VITALIS63 folds
silde7 calls 300
Gege0062 calls 150
manggy94 folds
*** FLOP *** [8c 9c 4s]
Gege0062 checks
silde7 bets 300
Gege0062 calls 300
*** TURN *** [8c 9c 4s][Jh]
Gege0062 checks
silde7 checks
*** RIVER *** [8c 9c 4s Jh][Ks]
Gege0062 checks
silde7 bets 855
Gege0062 folds
silde7 collected 2565 from pot
*** SUMMARY ***
Total pot 2565 | No rake
Board: [8c 9c 4s Jh Ks]
Seat 2: silde7 (button) won 2565


Winamax Poker - Tournament "Freeroll" buyIn: Free level: 10 - HandId: #545387621694571137-51-1440349568 - Holdem no limit (35/150/300) - 2015/08/23 17:06:08 UTC
Table: 'Freeroll(126982951)#640' 6-max (real money) Seat #3 is the button
Seat 1: VITALIS63 (1250)
Seat 2: silde7 (5920)
Seat 3: Gege0062 (5735)
Seat 4: manggy94 (805)
Seat 5: Sman069 (1135)
Seat 6: gadjetpat (1375)
*** ANTE/BLINDS ***
manggy94 posts ante 35
Sman069 posts ante 35
VITALIS63 posts ante 35
silde7 posts ante 35
Gege0062 posts ante 35
gadjetpat posts ante 35
manggy94 posts small blind 150
Sman069 posts big blind 300
Dealt to manggy94 [4d Ts]
*** PRE-FLOP *** 
gadjetpat folds
VITALIS63 folds
silde7 raises 300 to 600
Gege0062 folds
manggy94 folds
Sman069 folds
silde7 collected 1260 from pot
*** SUMMARY ***
Total pot 1260 | No rake
Seat 2: silde7 won 1260


Winamax Poker - Tournament "Freeroll" buyIn: Free level: 10 - HandId: #545387621694571137-52-1440349577 - Holdem no limit (35/150/300) - 2015/08/23 17:06:17 UTC
Table: 'Freeroll(126982951)#640' 6-max (real money) Seat #4 is the button
Seat 1: VITALIS63 (1215)
Seat 2: silde7 (6545)
Seat 3: Gege0062 (5700)
Seat 4: manggy94 (620)
Seat 5: Sman069 (800)
Seat 6: gadjetpat (1340)
*** ANTE/BLINDS ***
Sman069 posts ante 35
gadjetpat posts ante 35
VITALIS63 posts ante 35
silde7 posts ante 35
Gege0062 posts ante 35
manggy94 posts ante 35
Sman069 posts small blind 150
gadjetpat posts big blind 300
Dealt to manggy94 [9c Ah]
*** PRE-FLOP *** 
VITALIS63 folds
silde7 calls 300
Gege0062 folds
manggy94 folds
Sman069 folds
gadjetpat folds
silde7 collected 960 from pot
*** SUMMARY ***
Total pot 960 | No rake
Seat 2: silde7 won 960


Winamax Poker - Tournament "Freeroll" buyIn: Free level: 10 - HandId: #545387621694571137-53-1440349588 - Holdem no limit (35/150/300) - 2015/08/23 17:06:28 UTC
Table: 'Freeroll(126982951)#640' 6-max (real money) Seat #5 is the button
Seat 1: VITALIS63 (1180)
Seat 2: silde7 (7170)
Seat 3: Gege0062 (5665)
Seat 4: manggy94 (585)
Seat 5: Sman069 (615)
Seat 6: gadjetpat (1005)
*** ANTE/BLINDS ***
gadjetpat posts ante 35
VITALIS63 posts ante 35
silde7 posts ante 35
Gege0062 posts ante 35
manggy94 posts ante 35
Sman069 posts ante 35
gadjetpat posts small blind 150
VITALIS63 posts big blind 300
Dealt to manggy94 [Ad 6d]
*** PRE-FLOP *** 
silde7 folds
Gege0062 folds
manggy94 folds
Sman069 folds
gadjetpat folds
VITALIS63 collected 660 from pot
*** SUMMARY ***
Total pot 660 | No rake
Seat 1: VITALIS63 (big blind) won 660


Winamax Poker - Tournament "Freeroll" buyIn: Free level: 10 - HandId: #545387621694571137-54-1440349597 - Holdem no limit (35/150/300) - 2015/08/23 17:06:37 UTC
Table: 'Freeroll(126982951)#640' 6-max (real money) Seat #6 is the button
Seat 1: VITALIS63 (1505)
Seat 2: silde7 (7135)
Seat 3: Gege0062 (5630)
Seat 4: manggy94 (550)
Seat 5: Sman069 (580)
Seat 6: gadjetpat (820)
*** ANTE/BLINDS ***
VITALIS63 posts ante 35
silde7 posts ante 35
Gege0062 posts ante 35
manggy94 posts ante 35
Sman069 posts ante 35
gadjetpat posts ante 35
VITALIS63 posts small blind 150
silde7 posts big blind 300
Dealt to manggy94 [3h 3d]
*** PRE-FLOP *** 
Gege0062 folds
manggy94 raises 215 to 515 and is all-in
Sman069 folds
gadjetpat folds
VITALIS63 folds
silde7 calls 215
*** FLOP *** [5d 4d 8d]
*** TURN *** [5d 4d 8d][9c]
*** RIVER *** [5d 4d 8d 9c][2s]
*** SHOW DOWN ***
silde7 shows [Ks Jc] (High card : King)
manggy94 shows [3h 3d] (One pair : 3)
manggy94 collected 1390 from pot
*** SUMMARY ***
Total pot 1390 | No rake
Board: [5d 4d 8d 9c 2s]
Seat 2: silde7 (big blind) showed [Ks Jc] and lost with High card : King
Seat 4: manggy94 showed [3h 3d] and won 1390 with One pair : 3


Winamax Poker - Tournament "Freeroll" buyIn: Free level: 10 - HandId: #545387621694571137-55-1440349626 - Holdem no limit (35/150/300) - 2015/08/23 17:07:06 UTC
Table: 'Freeroll(126982951)#640' 6-max (real money) Seat #1 is the button
Seat 1: VITALIS63 (1320)
Seat 2: silde7 (6585)
Seat 3: Gege0062 (5595)
Seat 4: manggy94 (1390)
Seat 5: Sman069 (545)
Seat 6: gadjetpat (785)
*** ANTE/BLINDS ***
silde7 posts ante 35
Gege0062 posts ante 35
VITALIS63 posts ante 35
manggy94 posts ante 35
Sman069 posts ante 35
gadjetpat posts ante 35
silde7 posts small blind 150
Gege0062 posts big blind 300
Dealt to manggy94 [Qc 3c]
*** PRE-FLOP *** 
manggy94 raises 1055 to 1355 and is all-in
Sman069 folds
gadjetpat folds
VITALIS63 folds
silde7 folds
Gege0062 calls 1055
*** FLOP *** [3d Th 5c]
*** TURN *** [3d Th 5c][Qh]
*** RIVER *** [3d Th 5c Qh][4h]
*** SHOW DOWN ***
manggy94 shows [Qc 3c] (Two pairs : Queens and 3)
Gege0062 shows [Td Qs] (Two pairs : Queens and Tens)
Gege0062 collected 3070 from pot
*** SUMMARY ***
Total pot 3070 | No rake
Board: [3d Th 5c Qh 4h]
Seat 3: Gege0062 (big blind) showed [Td Qs] and won 3070 with Two pairs : Queens and Tens
Seat 4: manggy94 showed [Qc 3c] and lost with Two pairs : Queens and 3


