Winamax Poker - Tournament "Freeroll" buyIn: Free level: 0 - HandId: #541159192031920155-1-1439380826 - Holdem no limit (10/20) - 2015/08/12 12:00:26 UTC
Table: 'Freeroll(125998443)#026' 6-max (real money) Seat #4 is the button
Seat 1: -Okapi- (3000)
Seat 2: Melissaaaaaa (3000)
Seat 3: BDB73 (3000)
Seat 4: coatch38 (3000)
Seat 5: Ludwig.72 (3000)
Seat 6: manggy94 (3000)
*** ANTE/BLINDS ***
Ludwig.72 posts small blind 10
manggy94 posts big blind 20
Dealt to manggy94 [2d Qd]
*** PRE-FLOP *** 
-Okapi- folds
Melissaaaaaa raises 20 to 40
BDB73 folds
coatch38 folds
Ludwig.72 calls 30
manggy94 calls 20
*** FLOP *** [3s Tc 6s]
Ludwig.72 checks
manggy94 checks
Melissaaaaaa bets 50
Ludwig.72 folds
manggy94 folds
Melissaaaaaa collected 170 from pot
*** SUMMARY ***
Total pot 170 | No rake
Board: [3s Tc 6s]
Seat 2: Melissaaaaaa won 170


Winamax Poker - Tournament "Freeroll" buyIn: Free level: 0 - HandId: #541159192031920369-2-1439380931 - Holdem no limit (10/20) - 2015/08/12 12:02:11 UTC
Table: 'Freeroll(125998443)#240' 6-max (real money) Seat #1 is the button
Seat 1: Philma (2990)
Seat 2: AKMHB (2980)
Seat 3: bruno2805 (3050)
Seat 4: khalys4502 (3000)
Seat 5: frantz11580 (2980)
Seat 6: manggy94 (2960)
*** ANTE/BLINDS ***
AKMHB posts small blind 10
bruno2805 posts big blind 20
Dealt to manggy94 [Qs 6h]
*** PRE-FLOP *** 
khalys4502 folds
frantz11580 calls 20
manggy94 folds
Philma calls 20
AKMHB folds
bruno2805 checks
*** FLOP *** [7d 5d Th]
bruno2805 checks
frantz11580 bets 2960 and is all-in
Philma folds
bruno2805 folds
frantz11580 collected 3030 from pot
*** SUMMARY ***
Total pot 3030 | No rake
Board: [7d 5d Th]
Seat 5: frantz11580 won 3030


Winamax Poker - Tournament "Freeroll" buyIn: Free level: 0 - HandId: #541159192031920369-3-1439381001 - Holdem no limit (10/20) - 2015/08/12 12:03:21 UTC
Table: 'Freeroll(125998443)#240' 6-max (real money) Seat #2 is the button
Seat 1: Philma (2970)
Seat 2: AKMHB (2970)
Seat 3: bruno2805 (3030)
Seat 4: khalys4502 (3000)
Seat 5: el_papinou (3000)
Seat 6: manggy94 (2960)
*** ANTE/BLINDS ***
bruno2805 posts small blind 10
khalys4502 posts big blind 20
Dealt to manggy94 [6h Ad]
*** PRE-FLOP *** 
el_papinou raises 20 to 40
manggy94 calls 40
Philma calls 40
AKMHB folds
bruno2805 folds
khalys4502 folds
*** FLOP *** [8c 7s 3s]
el_papinou bets 75
manggy94 folds
Philma calls 75
*** TURN *** [8c 7s 3s][8s]
el_papinou bets 150
Philma calls 150
*** RIVER *** [8c 7s 3s 8s][Tc]
el_papinou bets 600
Philma folds
el_papinou collected 1200 from pot
*** SUMMARY ***
Total pot 1200 | No rake
Board: [8c 7s 3s 8s Tc]
Seat 5: el_papinou won 1200


Winamax Poker - Tournament "Freeroll" buyIn: Free level: 1 - HandId: #541159192031920369-4-1439381079 - Holdem no limit (15/30) - 2015/08/12 12:04:39 UTC
Table: 'Freeroll(125998443)#240' 6-max (real money) Seat #3 is the button
Seat 1: Philma (2705)
Seat 2: AKMHB (2970)
Seat 3: bruno2805 (3020)
Seat 4: Feeli (2970)
Seat 5: el_papinou (3335)
Seat 6: manggy94 (2920)
*** ANTE/BLINDS ***
el_papinou posts big blind 30
Dealt to manggy94 [Ks Kd]
*** PRE-FLOP *** 
manggy94 calls 30
Philma calls 30
AKMHB folds
bruno2805 raises 120 to 150
el_papinou calls 120
manggy94 raises 480 to 630
Philma folds
bruno2805 calls 480
el_papinou folds
*** FLOP *** [8h 5d 2d]
manggy94 bets 2290 and is all-in
bruno2805 folds
manggy94 collected 3730 from pot
*** SUMMARY ***
Total pot 3730 | No rake
Board: [8h 5d 2d]
Seat 6: manggy94 won 3730


Winamax Poker - Tournament "Freeroll" buyIn: Free level: 1 - HandId: #541159192031920369-5-1439381132 - Holdem no limit (15/30) - 2015/08/12 12:05:32 UTC
Table: 'Freeroll(125998443)#240' 6-max (real money) Seat #4 is the button
Seat 1: Philma (2675)
Seat 2: AKMHB (2970)
Seat 3: sasa217 (2960)
Seat 4: Feeli (2970)
Seat 5: el_papinou (3185)
Seat 6: manggy94 (3730)
*** ANTE/BLINDS ***
el_papinou posts small blind 15
manggy94 posts big blind 30
Dealt to manggy94 [3d 9c]
*** PRE-FLOP *** 
Philma calls 30
AKMHB folds
el_papinou calls 15
manggy94 checks
*** FLOP *** [6d Jd 9s]
el_papinou bets 45
manggy94 calls 45
Philma calls 45
*** TURN *** [6d Jd 9s][8h]
el_papinou bets 113
manggy94 calls 113
Philma calls 113
*** RIVER *** [6d Jd 9s 8h][8s]
el_papinou checks
manggy94 checks
Philma checks
*** SHOW DOWN ***
Philma shows [Ks 4s] (One pair : 8)
el_papinou shows [3s 9d] (Two pairs : 9 and 8)
manggy94 shows [3d 9c] (Two pairs : 9 and 8)
manggy94 collected 282 from pot
el_papinou collected 282 from pot
*** SUMMARY ***
Total pot 564 | No rake
Board: [6d Jd 9s 8h 8s]
Seat 1: Philma showed [Ks 4s] and lost with One pair : 8
Seat 5: el_papinou (small blind) showed [3s 9d] and won 282 with Two pairs : 9 and 8
Seat 6: manggy94 (big blind) showed [3d 9c] and won 282 with Two pairs : 9 and 8


Winamax Poker - Tournament "Freeroll" buyIn: Free level: 1 - HandId: #541159192031920369-6-1439381169 - Holdem no limit (15/30) - 2015/08/12 12:06:09 UTC
Table: 'Freeroll(125998443)#240' 6-max (real money) Seat #5 is the button
Seat 1: Philma (2487)
Seat 2: capoeira_007 (2965)
Seat 3: sasa217 (2960)
Seat 4: Feeli (2970)
Seat 5: el_papinou (3279)
Seat 6: manggy94 (3824)
*** ANTE/BLINDS ***
manggy94 posts small blind 15
Philma posts big blind 30
Dealt to manggy94 [8s 5h]
*** PRE-FLOP *** 
capoeira_007 folds
sasa217 calls 30
Feeli calls 30
el_papinou raises 60 to 90
manggy94 folds
Philma calls 60
sasa217 calls 60
Feeli calls 60
*** FLOP *** [Kh 8d 9h]
Philma checks
sasa217 checks
Feeli bets 375
el_papinou calls 375
Philma folds
sasa217 folds
*** TURN *** [Kh 8d 9h][5c]
Feeli bets 1125
el_papinou calls 1125
*** RIVER *** [Kh 8d 9h 5c][8c]
Feeli bets 1380 and is all-in
el_papinou calls 1380
*** SHOW DOWN ***
Feeli shows [Ac 9c] (Two pairs : 9 and 8)
el_papinou shows [Kd Th] (Two pairs : Kings and 8)
el_papinou collected 6135 from pot
*** SUMMARY ***
Total pot 6135 | No rake
Board: [Kh 8d 9h 5c 8c]
Seat 4: Feeli showed [Ac 9c] and lost with Two pairs : 9 and 8
Seat 5: el_papinou (button) showed [Kd Th] and won 6135 with Two pairs : Kings and 8


Winamax Poker - Tournament "Freeroll" buyIn: Free level: 2 - HandId: #541159192031920369-7-1439381257 - Holdem no limit (20/40) - 2015/08/12 12:07:37 UTC
Table: 'Freeroll(125998443)#240' 6-max (real money) Seat #6 is the button
Seat 1: Philma (2397)
Seat 2: capoeira_007 (2965)
Seat 3: sasa217 (2870)
Seat 4: mobylette... (2970)
Seat 5: el_papinou (6444)
Seat 6: manggy94 (3809)
*** ANTE/BLINDS ***
Philma posts small blind 20
capoeira_007 posts big blind 40
Dealt to manggy94 [2h 7h]
*** PRE-FLOP *** 
sasa217 calls 40
mobylette... folds
el_papinou calls 40
manggy94 calls 40
Philma calls 20
capoeira_007 checks
*** FLOP *** [Jh Ah 3h]
Philma checks
capoeira_007 checks
sasa217 checks
el_papinou bets 100
manggy94 raises 3669 to 3769 and is all-in
Philma folds
capoeira_007 folds
sasa217 folds
el_papinou folds
manggy94 collected 4069 from pot
*** SUMMARY ***
Total pot 4069 | No rake
Board: [Jh Ah 3h]
Seat 6: manggy94 (button) won 4069


Winamax Poker - Tournament "Freeroll" buyIn: Free level: 2 - HandId: #541159192031920369-8-1439381319 - Holdem no limit (20/40) - 2015/08/12 12:08:39 UTC
Table: 'Freeroll(125998443)#240' 6-max (real money) Seat #1 is the button
Seat 1: Luaninho59 (3465)
Seat 2: capoeira_007 (2925)
Seat 3: sasa217 (2830)
Seat 4: mobylette... (2970)
Seat 5: el_papinou (6304)
Seat 6: manggy94 (4069)
*** ANTE/BLINDS ***
capoeira_007 posts small blind 20
sasa217 posts big blind 40
Dealt to manggy94 [Tc Ts]
*** PRE-FLOP *** 
mobylette... folds
el_papinou folds
manggy94 calls 40
capoeira_007 folds
sasa217 checks
*** FLOP *** [Kh 5h 5c]
sasa217 checks
manggy94 bets 100
sasa217 calls 100
*** TURN *** [Kh 5h 5c][6c]
sasa217 checks
manggy94 checks
*** RIVER *** [Kh 5h 5c 6c][2d]
sasa217 bets 40
manggy94 raises 380 to 420
sasa217 calls 380
*** SHOW DOWN ***
manggy94 shows [Tc Ts] (Two pairs : Tens and 5)
sasa217 shows [Ks 3h] (Two pairs : Kings and 5)
sasa217 collected 1140 from pot
*** SUMMARY ***
Total pot 1140 | No rake
Board: [Kh 5h 5c 6c 2d]
Seat 3: sasa217 (big blind) showed [Ks 3h] and won 1140 with Two pairs : Kings and 5
Seat 6: manggy94 showed [Tc Ts] and lost with Two pairs : Tens and 5


Winamax Poker - Tournament "Freeroll" buyIn: Free level: 2 - HandId: #541159192031920369-9-1439381353 - Holdem no limit (20/40) - 2015/08/12 12:09:13 UTC
Table: 'Freeroll(125998443)#240' 6-max (real money) Seat #2 is the button
Seat 1: Royal64 (6440)
Seat 2: capoeira_007 (2905)
Seat 3: sasa217 (3410)
Seat 4: mobylette... (2970)
Seat 5: el_papinou (6304)
Seat 6: manggy94 (3509)
*** ANTE/BLINDS ***
sasa217 posts small blind 20
mobylette... posts big blind 40
Dealt to manggy94 [Th Qs]
*** PRE-FLOP *** 
el_papinou folds
manggy94 folds
Royal64 folds
capoeira_007 raises 120 to 160
sasa217 calls 140
mobylette... folds
*** FLOP *** [7h 6h Kc]
sasa217 bets 40
capoeira_007 raises 280 to 320
sasa217 raises 2930 to 3250 and is all-in
capoeira_007 calls 2425 and is all-in
*** TURN *** [7h 6h Kc][2h]
*** RIVER *** [7h 6h Kc 2h][2c]
*** SHOW DOWN ***
capoeira_007 shows [6d Jh] (Two pairs : 6 and 2)
sasa217 shows [Kd 7s] (Two pairs : Kings and 7)
sasa217 collected 6355 from pot
*** SUMMARY ***
Total pot 6355 | No rake
Board: [7h 6h Kc 2h 2c]
Seat 2: capoeira_007 (button) showed [6d Jh] and lost with Two pairs : 6 and 2
Seat 3: sasa217 (small blind) showed [Kd 7s] and won 6355 with Two pairs : Kings and 7


Winamax Poker - Tournament "Freeroll" buyIn: Free level: 3 - HandId: #541159192031920195-22-1439381395 - Holdem no limit (30/60) - 2015/08/12 12:09:55 UTC
Table: 'Freeroll(125998443)#066' 6-max (real money) Seat #2 is the button
Seat 1: WSOPMONACO (2885)
Seat 2: MtiKubwa (3020)
Seat 3: Guezton (2825)
Seat 4: manggy94 (3509)
Seat 5: Tango66 (2850)
Seat 6: MehyDanger (2825)
*** ANTE/BLINDS ***
Guezton posts small blind 30
manggy94 posts big blind 60
Dealt to manggy94 [2d Td]
*** PRE-FLOP *** 
Tango66 folds
MehyDanger folds
WSOPMONACO folds
MtiKubwa folds
Guezton folds
manggy94 collected 90 from pot
*** SUMMARY ***
Total pot 90 | No rake
Seat 4: manggy94 (big blind) won 90


Winamax Poker - Tournament "Freeroll" buyIn: Free level: 3 - HandId: #541159192031920195-23-1439381406 - Holdem no limit (30/60) - 2015/08/12 12:10:06 UTC
Table: 'Freeroll(125998443)#066' 6-max (real money) Seat #3 is the button
Seat 1: WSOPMONACO (2885)
Seat 2: supernanou70 (5545)
Seat 3: Guezton (2795)
Seat 4: manggy94 (3539)
Seat 5: Tango66 (2850)
Seat 6: MehyDanger (2825)
*** ANTE/BLINDS ***
manggy94 posts small blind 30
Tango66 posts big blind 60
Dealt to manggy94 [Ac 7c]
*** PRE-FLOP *** 
MehyDanger folds
WSOPMONACO folds
supernanou70 raises 60 to 120
Guezton folds
manggy94 raises 300 to 420
Tango66 folds
supernanou70 folds
manggy94 collected 600 from pot
*** SUMMARY ***
Total pot 600 | No rake
Seat 4: manggy94 (small blind) won 600


Winamax Poker - Tournament "Freeroll" buyIn: Free level: 3 - HandId: #541159192031920195-24-1439381423 - Holdem no limit (30/60) - 2015/08/12 12:10:23 UTC
Table: 'Freeroll(125998443)#066' 6-max (real money) Seat #4 is the button
Seat 1: WSOPMONACO (2885)
Seat 2: supernanou70 (5425)
Seat 3: Guezton (2795)
Seat 4: manggy94 (3719)
Seat 5: bouli59119 (2945)
Seat 6: MehyDanger (2825)
*** ANTE/BLINDS ***
MehyDanger posts big blind 60
Dealt to manggy94 [9c 5c]
*** PRE-FLOP *** 
WSOPMONACO folds
supernanou70 calls 60
Guezton folds
manggy94 calls 60
MehyDanger folds
*** FLOP *** [5d 6d Jc]
supernanou70 checks
manggy94 bets 180
supernanou70 folds
manggy94 collected 360 from pot
*** SUMMARY ***
Total pot 360 | No rake
Board: [5d 6d Jc]
Seat 4: manggy94 (button) won 360


Winamax Poker - Tournament "Freeroll" buyIn: Free level: 3 - HandId: #541159192031920195-25-1439381437 - Holdem no limit (30/60) - 2015/08/12 12:10:37 UTC
Table: 'Freeroll(125998443)#066' 6-max (real money) Seat #5 is the button
Seat 1: WSOPMONACO (2885)
Seat 2: supernanou70 (5365)
Seat 3: Guezton (2795)
Seat 4: manggy94 (3839)
Seat 5: bouli59119 (2945)
Seat 6: MehyDanger (2765)
*** ANTE/BLINDS ***
MehyDanger posts small blind 30
WSOPMONACO posts big blind 60
Dealt to manggy94 [Td 6c]
*** PRE-FLOP *** 
supernanou70 folds
Guezton folds
manggy94 calls 60
MehyDanger folds
WSOPMONACO folds
manggy94 collected 150 from pot
*** SUMMARY ***
Total pot 150 | No rake
Seat 4: manggy94 won 150


Winamax Poker - Tournament "Freeroll" buyIn: Free level: 3 - HandId: #541159192031920195-26-1439381445 - Holdem no limit (30/60) - 2015/08/12 12:10:45 UTC
Table: 'Freeroll(125998443)#066' 6-max (real money) Seat #6 is the button
Seat 1: WSOPMONACO (2825)
Seat 2: supernanou70 (5365)
Seat 3: Guezton (2795)
Seat 4: manggy94 (3929)
Seat 5: bouli59119 (2945)
Seat 6: pascal1964d (2190)
*** ANTE/BLINDS ***
WSOPMONACO posts small blind 30
supernanou70 posts big blind 60
Dealt to manggy94 [9s Jh]
*** PRE-FLOP *** 
Guezton folds
manggy94 raises 150 to 210
WSOPMONACO folds
supernanou70 raises 5155 to 5365 and is all-in
manggy94 folds
supernanou70 collected 5605 from pot
*** SUMMARY ***
Total pot 5605 | No rake
Seat 2: supernanou70 (big blind) won 5605


Winamax Poker - Tournament "Freeroll" buyIn: Free level: 3 - HandId: #541159192031920195-27-1439381459 - Holdem no limit (30/60) - 2015/08/12 12:10:59 UTC
Table: 'Freeroll(125998443)#066' 6-max (real money) Seat #1 is the button
Seat 1: WSOPMONACO (2795)
Seat 2: supernanou70 (5605)
Seat 3: Guezton (2795)
Seat 4: manggy94 (3719)
Seat 5: bouli59119 (2945)
Seat 6: ArthurO44 (3085)
*** ANTE/BLINDS ***
supernanou70 posts small blind 30
Guezton posts big blind 60
Dealt to manggy94 [8s Td]
*** PRE-FLOP *** 
manggy94 calls 60
bouli59119 folds
ArthurO44 calls 60
WSOPMONACO folds
supernanou70 calls 30
Guezton folds
*** FLOP *** [7h 7s Ks]
supernanou70 checks
manggy94 checks
ArthurO44 bets 120
supernanou70 folds
manggy94 raises 480 to 600
ArthurO44 calls 480
*** TURN *** [7h 7s Ks][4h]
manggy94 checks
ArthurO44 bets 2425 and is all-in
manggy94 folds
ArthurO44 collected 3865 from pot
*** SUMMARY ***
Total pot 3865 | No rake
Board: [7h 7s Ks 4h]
Seat 6: ArthurO44 won 3865


Winamax Poker - Tournament "Freeroll" buyIn: Free level: 3 - HandId: #541159192031920195-28-1439381505 - Holdem no limit (30/60) - 2015/08/12 12:11:45 UTC
Table: 'Freeroll(125998443)#066' 6-max (real money) Seat #2 is the button
Seat 1: WSOPMONACO (2795)
Seat 2: supernanou70 (5545)
Seat 3: Guezton (2735)
Seat 4: manggy94 (3059)
Seat 5: bouli59119 (2945)
Seat 6: wdylan (2940)
*** ANTE/BLINDS ***
Guezton posts small blind 30
manggy94 posts big blind 60
Dealt to manggy94 [7h Qh]
*** PRE-FLOP *** 
bouli59119 folds
wdylan calls 60
WSOPMONACO folds
supernanou70 calls 60
Guezton folds
manggy94 checks
*** FLOP *** [7d 7s Kh]
manggy94 checks
wdylan checks
supernanou70 checks
*** TURN *** [7d 7s Kh][8c]
manggy94 bets 210
wdylan folds
supernanou70 folds
manggy94 collected 420 from pot
*** SUMMARY ***
Total pot 420 | No rake
Board: [7d 7s Kh 8c]
Seat 4: manggy94 (big blind) won 420


Winamax Poker - Tournament "Freeroll" buyIn: Free level: 3 - HandId: #541159192031920195-29-1439381540 - Holdem no limit (30/60) - 2015/08/12 12:12:20 UTC
Table: 'Freeroll(125998443)#066' 6-max (real money) Seat #3 is the button
Seat 1: WSOPMONACO (2795)
Seat 2: supernanou70 (5485)
Seat 3: Guezton (2705)
Seat 4: manggy94 (3209)
Seat 5: bouli59119 (2945)
Seat 6: nanou89100 (12365)
*** ANTE/BLINDS ***
manggy94 posts small blind 30
bouli59119 posts big blind 60
Dealt to manggy94 [6d As]
*** PRE-FLOP *** 
nanou89100 folds
WSOPMONACO folds
supernanou70 folds
Guezton folds
manggy94 calls 30
bouli59119 folds
manggy94 collected 120 from pot
*** SUMMARY ***
Total pot 120 | No rake
Seat 4: manggy94 (small blind) won 120


Winamax Poker - Tournament "Freeroll" buyIn: Free level: 4 - HandId: #541159192031920195-30-1439381555 - Holdem no limit (40/80) - 2015/08/12 12:12:35 UTC
Table: 'Freeroll(125998443)#066' 6-max (real money) Seat #4 is the button
Seat 1: WSOPMONACO (2795)
Seat 2: supernanou70 (5485)
Seat 3: Guezton (2705)
Seat 4: manggy94 (3269)
Seat 5: bouli59119 (2885)
Seat 6: nanou89100 (12365)
*** ANTE/BLINDS ***
bouli59119 posts small blind 40
nanou89100 posts big blind 80
Dealt to manggy94 [6d 7d]
*** PRE-FLOP *** 
WSOPMONACO folds
supernanou70 folds
Guezton folds
manggy94 calls 80
bouli59119 folds
nanou89100 checks
*** FLOP *** [Kh Qh Ah]
nanou89100 checks
manggy94 bets 200
nanou89100 calls 200
*** TURN *** [Kh Qh Ah][2h]
nanou89100 checks
manggy94 checks
*** RIVER *** [Kh Qh Ah 2h][Qc]
nanou89100 checks
manggy94 checks
*** SHOW DOWN ***
manggy94 shows [6d 7d] (One pair : Queens)
nanou89100 shows [5h 9c] (Flush Ace high)
nanou89100 collected 600 from pot
*** SUMMARY ***
Total pot 600 | No rake
Board: [Kh Qh Ah 2h Qc]
Seat 4: manggy94 (button) showed [6d 7d] and lost with One pair : Queens
Seat 6: nanou89100 (big blind) showed [5h 9c] and won 600 with Flush Ace high


Winamax Poker - Tournament "Freeroll" buyIn: Free level: 4 - HandId: #541159192031920195-31-1439381583 - Holdem no limit (40/80) - 2015/08/12 12:13:03 UTC
Table: 'Freeroll(125998443)#066' 6-max (real money) Seat #5 is the button
Seat 1: WSOPMONACO (2795)
Seat 2: supernanou70 (5485)
Seat 3: Guezton (2705)
Seat 4: manggy94 (2989)
Seat 5: bouli59119 (2845)
Seat 6: nanou89100 (12685)
*** ANTE/BLINDS ***
nanou89100 posts small blind 40
WSOPMONACO posts big blind 80
Dealt to manggy94 [9s 9d]
*** PRE-FLOP *** 
supernanou70 folds
Guezton folds
manggy94 raises 560 to 640
bouli59119 folds
nanou89100 folds
WSOPMONACO folds
manggy94 collected 760 from pot
*** SUMMARY ***
Total pot 760 | No rake
Seat 4: manggy94 won 760


Winamax Poker - Tournament "Freeroll" buyIn: Free level: 4 - HandId: #541159192031920195-32-1439381598 - Holdem no limit (40/80) - 2015/08/12 12:13:18 UTC
Table: 'Freeroll(125998443)#066' 6-max (real money) Seat #6 is the button
Seat 1: WSOPMONACO (2715)
Seat 2: supernanou70 (5485)
Seat 3: Guezton (2705)
Seat 4: manggy94 (3109)
Seat 5: bouli59119 (2845)
Seat 6: gabin 84 (2353)
*** ANTE/BLINDS ***
WSOPMONACO posts small blind 40
supernanou70 posts big blind 80
Dealt to manggy94 [As 5c]
*** PRE-FLOP *** 
Guezton folds
manggy94 calls 80
bouli59119 folds
WSOPMONACO folds
supernanou70 checks
*** FLOP *** [7d Kc Ts]
supernanou70 checks
manggy94 checks
*** TURN *** [7d Kc Ts][2s]
supernanou70 checks
manggy94 bets 200
supernanou70 calls 200
*** RIVER *** [7d Kc Ts 2s][Ad]
supernanou70 checks
manggy94 bets 2829 and is all-in
supernanou70 folds
manggy94 collected 3429 from pot
*** SUMMARY ***
Total pot 3429 | No rake
Board: [7d Kc Ts 2s Ad]
Seat 4: manggy94 won 3429


Winamax Poker - Tournament "Freeroll" buyIn: Free level: 4 - HandId: #541159192031920195-33-1439381633 - Holdem no limit (40/80) - 2015/08/12 12:13:53 UTC
Table: 'Freeroll(125998443)#066' 6-max (real money) Seat #1 is the button
Seat 1: WSOPMONACO (2675)
Seat 2: supernanou70 (5205)
Seat 3: Guezton (2705)
Seat 4: manggy94 (3429)
Seat 5: bouli59119 (2845)
Seat 6: gabin 84 (2353)
*** ANTE/BLINDS ***
supernanou70 posts small blind 40
Guezton posts big blind 80
Dealt to manggy94 [9s Ts]
*** PRE-FLOP *** 
manggy94 calls 80
bouli59119 folds
gabin 84 raises 80 to 160
WSOPMONACO folds
supernanou70 folds
Guezton folds
manggy94 raises 440 to 600
gabin 84 calls 440
*** FLOP *** [Jh 6d 8d]
manggy94 checks
gabin 84 checks
*** TURN *** [Jh 6d 8d][6h]
manggy94 checks
gabin 84 bets 80
manggy94 calls 80
*** RIVER *** [Jh 6d 8d 6h][4c]
manggy94 checks
gabin 84 bets 80
manggy94 calls 80
*** SHOW DOWN ***
manggy94 shows [9s Ts] (One pair : 6)
gabin 84 shows [9d 9h] (Two pairs : 9 and 6)
gabin 84 collected 1640 from pot
*** SUMMARY ***
Total pot 1640 | No rake
Board: [Jh 6d 8d 6h 4c]
Seat 4: manggy94 showed [9s Ts] and lost with One pair : 6
Seat 6: gabin 84 showed [9d 9h] and won 1640 with Two pairs : 9 and 6


Winamax Poker - Tournament "Freeroll" buyIn: Free level: 4 - HandId: #541159192031920195-34-1439381673 - Holdem no limit (40/80) - 2015/08/12 12:14:33 UTC
Table: 'Freeroll(125998443)#066' 6-max (real money) Seat #2 is the button
Seat 1: WSOPMONACO (2675)
Seat 2: supernanou70 (5165)
Seat 3: Guezton (2625)
Seat 4: manggy94 (2669)
Seat 5: bouli59119 (2845)
Seat 6: JACKILEVERT4 (2680)
*** ANTE/BLINDS ***
Guezton posts small blind 40
manggy94 posts big blind 80
Dealt to manggy94 [5s 3h]
*** PRE-FLOP *** 
bouli59119 folds
JACKILEVERT4 raises 2600 to 2680 and is all-in
WSOPMONACO folds
supernanou70 raises 2485 to 5165 and is all-in
Guezton folds
manggy94 folds
*** FLOP *** [3c 2s Th]
*** TURN *** [3c 2s Th][5d]
*** RIVER *** [3c 2s Th 5d][Kc]
*** SHOW DOWN ***
JACKILEVERT4 shows [8h Qs] (High card : King)
supernanou70 shows [9d As] (High card : Ace)
supernanou70 collected 7965 from pot
*** SUMMARY ***
Total pot 7965 | No rake
Board: [3c 2s Th 5d Kc]
Seat 2: supernanou70 (button) showed [9d As] and won 7965 with High card : Ace
Seat 6: JACKILEVERT4 showed [8h Qs] and lost with High card : King


Winamax Poker - Tournament "Freeroll" buyIn: Free level: 4 - HandId: #541159192031920195-35-1439381695 - Holdem no limit (40/80) - 2015/08/12 12:14:55 UTC
Table: 'Freeroll(125998443)#066' 6-max (real money) Seat #3 is the button
Seat 1: WSOPMONACO (2675)
Seat 2: supernanou70 (7965)
Seat 3: Guezton (2585)
Seat 4: manggy94 (2589)
Seat 5: bouli59119 (2845)
Seat 6: padoc55 (4210)
*** ANTE/BLINDS ***
manggy94 posts small blind 40
bouli59119 posts big blind 80
Dealt to manggy94 [Qh Ah]
*** PRE-FLOP *** 
padoc55 raises 80 to 160
WSOPMONACO folds
supernanou70 calls 160
Guezton folds
manggy94 raises 760 to 920
bouli59119 folds
padoc55 raises 3290 to 4210 and is all-in
supernanou70 folds
manggy94 calls 1669 and is all-in
*** FLOP *** [9c Ks Kh]
*** TURN *** [9c Ks Kh][6s]
*** RIVER *** [9c Ks Kh 6s][4c]
*** SHOW DOWN ***
manggy94 shows [Qh Ah] (One pair : Kings)
padoc55 shows [8c 8h] (Two pairs : Kings and 8)
padoc55 collected 7039 from pot
*** SUMMARY ***
Total pot 7039 | No rake
Board: [9c Ks Kh 6s 4c]
Seat 4: manggy94 (small blind) showed [Qh Ah] and lost with One pair : Kings
Seat 6: padoc55 showed [8c 8h] and won 7039 with Two pairs : Kings and 8


