Winamax Poker - Tournament "VIP Freeroll: Aluminium" buyIn: Ticket only level: 0 - HandId: #568654644947976264-1-1444845627 - Holdem no limit (10/20) - 2015/10/14 18:00:27 UTC
Table: 'VIP Freeroll: Aluminium(132400227)#071' 9-max (real money) Seat #6 is the button
Seat 1: tekiss (3000)
Seat 2: le  chat (3000)
Seat 3: Leo95220 (3000)
Seat 4: Steeeeeven (3000)
Seat 5: BeN-RuN (3000)
Seat 6: Yayounette49 (3000)
Seat 7: _enorme_ (3000)
Seat 8: ssik1611 (3000)
Seat 9: manggy94 (3000)
*** ANTE/BLINDS ***
_enorme_ posts small blind 10
ssik1611 posts big blind 20
Dealt to manggy94 [Tc Kd]
*** PRE-FLOP *** 
manggy94 calls 20
tekiss raises 70 to 90
le  chat folds
Leo95220 folds
Steeeeeven folds
BeN-RuN folds
Yayounette49 calls 90
_enorme_ folds
ssik1611 folds
manggy94 calls 70
*** FLOP *** [Ts 6s 6c]
manggy94 bets 300
tekiss calls 300
Yayounette49 folds
*** TURN *** [Ts 6s 6c][As]
manggy94 checks
tekiss checks
*** RIVER *** [Ts 6s 6c As][7h]
manggy94 checks
tekiss bets 900
manggy94 calls 900
*** SHOW DOWN ***
tekiss shows [Js Kc] (One pair : 6)
manggy94 shows [Tc Kd] (Two pairs : Tens and 6)
manggy94 collected 2700 from pot
*** SUMMARY ***
Total pot 2700 | No rake
Board: [Ts 6s 6c As 7h]
Seat 1: tekiss showed [Js Kc] and lost with One pair : 6
Seat 9: manggy94 showed [Tc Kd] and won 2700 with Two pairs : Tens and 6


Winamax Poker - Tournament "VIP Freeroll: Aluminium" buyIn: Ticket only level: 0 - HandId: #568654644947976264-2-1444845752 - Holdem no limit (10/20) - 2015/10/14 18:02:32 UTC
Table: 'VIP Freeroll: Aluminium(132400227)#071' 9-max (real money) Seat #7 is the button
Seat 1: tekiss (1710)
Seat 2: le  chat (3000)
Seat 3: Leo95220 (3000)
Seat 4: Steeeeeven (3000)
Seat 5: BeN-RuN (3000)
Seat 6: Yayounette49 (2910)
Seat 7: _enorme_ (2990)
Seat 8: ssik1611 (2980)
Seat 9: manggy94 (4410)
*** ANTE/BLINDS ***
ssik1611 posts small blind 10
manggy94 posts big blind 20
Dealt to manggy94 [8d 7h]
*** PRE-FLOP *** 
tekiss raises 1690 to 1710 and is all-in
le  chat folds
Leo95220 folds
Steeeeeven folds
BeN-RuN folds
Yayounette49 raises 1200 to 2910 and is all-in
_enorme_ folds
ssik1611 folds
manggy94 folds
*** FLOP *** [Tc 5d 2c]
*** TURN *** [Tc 5d 2c][Jh]
*** RIVER *** [Tc 5d 2c Jh][9d]
*** SHOW DOWN ***
tekiss shows [Ah 3h] (High card : Ace)
Yayounette49 shows [Qh Qd] (One pair : Queens)
Yayounette49 collected 4650 from pot
*** SUMMARY ***
Total pot 4650 | No rake
Board: [Tc 5d 2c Jh 9d]
Seat 1: tekiss showed [Ah 3h] and lost with High card : Ace
Seat 6: Yayounette49 showed [Qh Qd] and won 4650 with One pair : Queens


Winamax Poker - Tournament "VIP Freeroll: Aluminium" buyIn: Ticket only level: 0 - HandId: #568654644947976264-3-1444845783 - Holdem no limit (10/20) - 2015/10/14 18:03:03 UTC
Table: 'VIP Freeroll: Aluminium(132400227)#071' 9-max (real money) Seat #8 is the button
Seat 2: le  chat (3000)
Seat 3: Leo95220 (3000)
Seat 4: Steeeeeven (3000)
Seat 5: BeN-RuN (3000)
Seat 6: Yayounette49 (4650)
Seat 7: _enorme_ (2990)
Seat 8: ssik1611 (2970)
Seat 9: manggy94 (4390)
*** ANTE/BLINDS ***
manggy94 posts small blind 10
le  chat posts big blind 20
Dealt to manggy94 [8d 9h]
*** PRE-FLOP *** 
Leo95220 calls 20
Steeeeeven folds
BeN-RuN folds
Yayounette49 calls 20
_enorme_ folds
ssik1611 folds
manggy94 calls 10
le  chat folds
*** FLOP *** [Tc 7c 5h]
manggy94 checks
Leo95220 checks
Yayounette49 checks
*** TURN *** [Tc 7c 5h][Qh]
manggy94 checks
Leo95220 bets 20
Yayounette49 calls 20
manggy94 calls 20
*** RIVER *** [Tc 7c 5h Qh][4s]
manggy94 checks
Leo95220 bets 140
Yayounette49 folds
manggy94 folds
Leo95220 collected 280 from pot
*** SUMMARY ***
Total pot 280 | No rake
Board: [Tc 7c 5h Qh 4s]
Seat 3: Leo95220 won 280


Winamax Poker - Tournament "VIP Freeroll: Aluminium" buyIn: Ticket only level: 0 - HandId: #568654644947976264-4-1444845852 - Holdem no limit (10/20) - 2015/10/14 18:04:12 UTC
Table: 'VIP Freeroll: Aluminium(132400227)#071' 9-max (real money) Seat #9 is the button
Seat 1: yeO25 (3000)
Seat 2: le  chat (2980)
Seat 3: Leo95220 (3100)
Seat 4: Steeeeeven (3000)
Seat 5: BeN-RuN (3000)
Seat 6: Yayounette49 (4610)
Seat 7: _enorme_ (2990)
Seat 8: ssik1611 (2970)
Seat 9: manggy94 (4350)
*** ANTE/BLINDS ***
le  chat posts small blind 10
Leo95220 posts big blind 20
Dealt to manggy94 [2h Ah]
*** PRE-FLOP *** 
Steeeeeven folds
BeN-RuN folds
Yayounette49 raises 80 to 100
_enorme_ folds
ssik1611 folds
manggy94 calls 100
le  chat folds
Leo95220 folds
*** FLOP *** [3c 7d 2c]
Yayounette49 bets 230
manggy94 raises 690 to 920
Yayounette49 raises 3590 to 4510 and is all-in
manggy94 folds
Yayounette49 shows [Qc Qd] (One pair : Queens)
Yayounette49 collected 5660 from pot
*** SUMMARY ***
Total pot 5660 | No rake
Board: [3c 7d 2c]
Seat 6: Yayounette49 showed [Qc Qd] and won 5660 with One pair : Queens


Winamax Poker - Tournament "VIP Freeroll: Aluminium" buyIn: Ticket only level: 0 - HandId: #568654644947976264-5-1444845896 - Holdem no limit (10/20) - 2015/10/14 18:04:56 UTC
Table: 'VIP Freeroll: Aluminium(132400227)#071' 9-max (real money) Seat #2 is the button
Seat 1: yeO25 (3000)
Seat 2: le  chat (2970)
Seat 3: Leo95220 (3080)
Seat 4: Steeeeeven (3000)
Seat 5: BeN-RuN (3000)
Seat 6: Yayounette49 (5660)
Seat 7: _enorme_ (2990)
Seat 8: ssik1611 (2970)
Seat 9: manggy94 (3330)
*** ANTE/BLINDS ***
Leo95220 posts small blind 10
Steeeeeven posts big blind 20
Dealt to manggy94 [Kh 6s]
*** PRE-FLOP *** 
BeN-RuN folds
Yayounette49 calls 20
_enorme_ folds
ssik1611 folds
manggy94 calls 20
yeO25 folds
le  chat folds
Leo95220 calls 10
Steeeeeven checks
*** FLOP *** [Ad 2d 9d]
Leo95220 checks
Steeeeeven checks
Yayounette49 checks
manggy94 checks
*** TURN *** [Ad 2d 9d][5c]
Leo95220 checks
Steeeeeven checks
Yayounette49 checks
manggy94 checks
*** RIVER *** [Ad 2d 9d 5c][Kd]
Leo95220 bets 470
Steeeeeven folds
Yayounette49 folds
manggy94 folds
Leo95220 collected 550 from pot
*** SUMMARY ***
Total pot 550 | No rake
Board: [Ad 2d 9d 5c Kd]
Seat 3: Leo95220 (small blind) won 550


Winamax Poker - Tournament "VIP Freeroll: Aluminium" buyIn: Ticket only level: 1 - HandId: #568654644947976264-6-1444845988 - Holdem no limit (15/30) - 2015/10/14 18:06:28 UTC
Table: 'VIP Freeroll: Aluminium(132400227)#071' 9-max (real money) Seat #3 is the button
Seat 1: yeO25 (3000)
Seat 2: le  chat (2970)
Seat 3: Leo95220 (3140)
Seat 4: Steeeeeven (2980)
Seat 5: BeN-RuN (3000)
Seat 6: Yayounette49 (5640)
Seat 7: _enorme_ (2990)
Seat 8: ssik1611 (2970)
Seat 9: manggy94 (3310)
*** ANTE/BLINDS ***
Steeeeeven posts small blind 15
BeN-RuN posts big blind 30
Dealt to manggy94 [Ts 9c]
*** PRE-FLOP *** 
Yayounette49 calls 30
_enorme_ folds
ssik1611 folds
manggy94 folds
yeO25 folds
le  chat folds
Leo95220 folds
Steeeeeven raises 90 to 120
BeN-RuN folds
Yayounette49 calls 90
*** FLOP *** [Jc 5d Kd]
Steeeeeven bets 203
Yayounette49 folds
Steeeeeven collected 473 from pot
*** SUMMARY ***
Total pot 473 | No rake
Board: [Jc 5d Kd]
Seat 4: Steeeeeven (small blind) won 473


Winamax Poker - Tournament "VIP Freeroll: Aluminium" buyIn: Ticket only level: 1 - HandId: #568654644947976264-7-1444846024 - Holdem no limit (15/30) - 2015/10/14 18:07:04 UTC
Table: 'VIP Freeroll: Aluminium(132400227)#071' 9-max (real money) Seat #4 is the button
Seat 1: yeO25 (3000)
Seat 2: le  chat (2970)
Seat 3: Leo95220 (3140)
Seat 4: Steeeeeven (3130)
Seat 5: BeN-RuN (2970)
Seat 6: Yayounette49 (5520)
Seat 7: _enorme_ (2990)
Seat 8: ssik1611 (2970)
Seat 9: manggy94 (3310)
*** ANTE/BLINDS ***
BeN-RuN posts small blind 15
Yayounette49 posts big blind 30
Dealt to manggy94 [2c 7d]
*** PRE-FLOP *** 
_enorme_ folds
ssik1611 folds
manggy94 folds
yeO25 folds
le  chat folds
Leo95220 folds
Steeeeeven folds
BeN-RuN folds
Yayounette49 collected 45 from pot
*** SUMMARY ***
Total pot 45 | No rake
Seat 6: Yayounette49 (big blind) won 45


Winamax Poker - Tournament "VIP Freeroll: Aluminium" buyIn: Ticket only level: 1 - HandId: #568654644947976264-8-1444846044 - Holdem no limit (15/30) - 2015/10/14 18:07:24 UTC
Table: 'VIP Freeroll: Aluminium(132400227)#071' 9-max (real money) Seat #5 is the button
Seat 1: yeO25 (3000)
Seat 2: le  chat (2970)
Seat 3: Leo95220 (3140)
Seat 4: Steeeeeven (3130)
Seat 5: BeN-RuN (2955)
Seat 6: Yayounette49 (5535)
Seat 7: _enorme_ (2990)
Seat 8: ssik1611 (2970)
Seat 9: manggy94 (3310)
*** ANTE/BLINDS ***
Yayounette49 posts small blind 15
_enorme_ posts big blind 30
Dealt to manggy94 [8s Js]
*** PRE-FLOP *** 
ssik1611 folds
manggy94 calls 30
yeO25 folds
le  chat folds
Leo95220 calls 30
Steeeeeven raises 30 to 60
BeN-RuN folds
Yayounette49 folds
_enorme_ folds
manggy94 calls 30
Leo95220 calls 30
*** FLOP *** [3s 7d 8c]
manggy94 bets 225
Leo95220 calls 225
Steeeeeven folds
*** TURN *** [3s 7d 8c][Ts]
manggy94 bets 3025 and is all-in
Leo95220 calls 2855 and is all-in
*** RIVER *** [3s 7d 8c Ts][5s]
*** SHOW DOWN ***
Leo95220 shows [Jh Td] (One pair : Tens)
manggy94 shows [8s Js] (Flush Jack high)
manggy94 collected 6555 from pot
*** SUMMARY ***
Total pot 6555 | No rake
Board: [3s 7d 8c Ts 5s]
Seat 3: Leo95220 showed [Jh Td] and lost with One pair : Tens
Seat 9: manggy94 showed [8s Js] and won 6555 with Flush Jack high


Winamax Poker - Tournament "VIP Freeroll: Aluminium" buyIn: Ticket only level: 1 - HandId: #568654644947976264-9-1444846109 - Holdem no limit (15/30) - 2015/10/14 18:08:29 UTC
Table: 'VIP Freeroll: Aluminium(132400227)#071' 9-max (real money) Seat #6 is the button
Seat 1: yeO25 (3000)
Seat 2: le  chat (2970)
Seat 4: Steeeeeven (3070)
Seat 5: BeN-RuN (2955)
Seat 6: Yayounette49 (5520)
Seat 7: _enorme_ (2960)
Seat 8: ssik1611 (2970)
Seat 9: manggy94 (6555)
*** ANTE/BLINDS ***
_enorme_ posts small blind 15
ssik1611 posts big blind 30
Dealt to manggy94 [3s 5s]
*** PRE-FLOP *** 
manggy94 folds
yeO25 folds
le  chat folds
Steeeeeven raises 75 to 105
BeN-RuN folds
Yayounette49 folds
_enorme_ folds
ssik1611 folds
Steeeeeven collected 150 from pot
*** SUMMARY ***
Total pot 150 | No rake
Seat 4: Steeeeeven won 150


Winamax Poker - Tournament "VIP Freeroll: Aluminium" buyIn: Ticket only level: 1 - HandId: #568654644947976264-10-1444846137 - Holdem no limit (15/30) - 2015/10/14 18:08:57 UTC
Table: 'VIP Freeroll: Aluminium(132400227)#071' 9-max (real money) Seat #7 is the button
Seat 1: yeO25 (3000)
Seat 2: le  chat (2970)
Seat 4: Steeeeeven (3115)
Seat 5: BeN-RuN (2955)
Seat 6: Yayounette49 (5520)
Seat 7: _enorme_ (2945)
Seat 8: ssik1611 (2940)
Seat 9: manggy94 (6555)
*** ANTE/BLINDS ***
ssik1611 posts small blind 15
manggy94 posts big blind 30
Dealt to manggy94 [Kc Ah]
*** PRE-FLOP *** 
yeO25 folds
le  chat folds
Steeeeeven raises 30 to 60
BeN-RuN folds
Yayounette49 folds
_enorme_ folds
ssik1611 folds
manggy94 raises 135 to 195
Steeeeeven calls 135
*** FLOP *** [Tc 6c 7s]
manggy94 bets 405
Steeeeeven calls 405
*** TURN *** [Tc 6c 7s][7d]
manggy94 checks
Steeeeeven bets 608
manggy94 folds
Steeeeeven collected 1823 from pot
*** SUMMARY ***
Total pot 1823 | No rake
Board: [Tc 6c 7s 7d]
Seat 4: Steeeeeven won 1823


Winamax Poker - Tournament "VIP Freeroll: Aluminium" buyIn: Ticket only level: 1 - HandId: #568654644947976264-11-1444846177 - Holdem no limit (15/30) - 2015/10/14 18:09:37 UTC
Table: 'VIP Freeroll: Aluminium(132400227)#071' 9-max (real money) Seat #8 is the button
Seat 1: yeO25 (3000)
Seat 2: le  chat (2970)
Seat 4: Steeeeeven (3730)
Seat 5: BeN-RuN (2955)
Seat 6: Yayounette49 (5520)
Seat 7: _enorme_ (2945)
Seat 8: ssik1611 (2925)
Seat 9: manggy94 (5955)
*** ANTE/BLINDS ***
manggy94 posts small blind 15
yeO25 posts big blind 30
Dealt to manggy94 [3h Ah]
*** PRE-FLOP *** 
le  chat folds
Steeeeeven calls 30
BeN-RuN folds
Yayounette49 folds
_enorme_ folds
ssik1611 folds
manggy94 raises 90 to 120
yeO25 folds
Steeeeeven calls 90
*** FLOP *** [8d 8h 4s]
manggy94 checks
Steeeeeven checks
*** TURN *** [8d 8h 4s][9h]
manggy94 checks
Steeeeeven checks
*** RIVER *** [8d 8h 4s 9h][6d]
manggy94 checks
Steeeeeven checks
*** SHOW DOWN ***
Steeeeeven shows [Jh 2h] (One pair : 8)
manggy94 shows [3h Ah] (One pair : 8)
manggy94 collected 270 from pot
*** SUMMARY ***
Total pot 270 | No rake
Board: [8d 8h 4s 9h 6d]
Seat 4: Steeeeeven showed [Jh 2h] and lost with One pair : 8
Seat 9: manggy94 (small blind) showed [3h Ah] and won 270 with One pair : 8


Winamax Poker - Tournament "VIP Freeroll: Aluminium" buyIn: Ticket only level: 1 - HandId: #568654644947976264-12-1444846219 - Holdem no limit (15/30) - 2015/10/14 18:10:19 UTC
Table: 'VIP Freeroll: Aluminium(132400227)#071' 9-max (real money) Seat #9 is the button
Seat 1: yeO25 (2970)
Seat 2: le  chat (2970)
Seat 3: Ti-goupillon (3000)
Seat 4: Steeeeeven (3610)
Seat 5: BeN-RuN (2955)
Seat 6: Yayounette49 (5520)
Seat 7: _enorme_ (2945)
Seat 8: ssik1611 (2925)
Seat 9: manggy94 (6105)
*** ANTE/BLINDS ***
yeO25 posts small blind 15
le  chat posts big blind 30
Dealt to manggy94 [Kc Qs]
*** PRE-FLOP *** 
Ti-goupillon folds
Steeeeeven folds
BeN-RuN folds
Yayounette49 folds
_enorme_ folds
ssik1611 folds
manggy94 calls 30
yeO25 folds
le  chat folds
manggy94 collected 75 from pot
*** SUMMARY ***
Total pot 75 | No rake
Seat 9: manggy94 (button) won 75


Winamax Poker - Tournament "VIP Freeroll: Aluminium" buyIn: Ticket only level: 1 - HandId: #568654644947976264-13-1444846237 - Holdem no limit (15/30) - 2015/10/14 18:10:37 UTC
Table: 'VIP Freeroll: Aluminium(132400227)#071' 9-max (real money) Seat #1 is the button
Seat 1: yeO25 (2955)
Seat 2: le  chat (2940)
Seat 3: Ti-goupillon (3000)
Seat 4: Steeeeeven (3610)
Seat 5: BeN-RuN (2955)
Seat 6: Yayounette49 (5520)
Seat 7: _enorme_ (2945)
Seat 8: ssik1611 (2925)
Seat 9: manggy94 (6150)
*** ANTE/BLINDS ***
le  chat posts small blind 15
Ti-goupillon posts big blind 30
Dealt to manggy94 [Ts Ac]
*** PRE-FLOP *** 
Steeeeeven folds
BeN-RuN folds
Yayounette49 folds
_enorme_ folds
ssik1611 folds
manggy94 raises 75 to 105
yeO25 folds
le  chat folds
Ti-goupillon folds
manggy94 collected 150 from pot
*** SUMMARY ***
Total pot 150 | No rake
Seat 9: manggy94 won 150


Winamax Poker - Tournament "VIP Freeroll: Aluminium" buyIn: Ticket only level: 1 - HandId: #568654644947976264-14-1444846312 - Holdem no limit (15/30) - 2015/10/14 18:11:52 UTC
Table: 'VIP Freeroll: Aluminium(132400227)#071' 9-max (real money) Seat #2 is the button
Seat 1: yeO25 (2955)
Seat 2: le  chat (2925)
Seat 3: Ti-goupillon (2970)
Seat 4: Steeeeeven (3610)
Seat 5: BeN-RuN (2955)
Seat 6: Yayounette49 (5520)
Seat 7: _enorme_ (2945)
Seat 8: ssik1611 (2925)
Seat 9: manggy94 (6195)
*** ANTE/BLINDS ***
Ti-goupillon posts small blind 15
Steeeeeven posts big blind 30
Dealt to manggy94 [Jc 3c]
*** PRE-FLOP *** 
BeN-RuN folds
Yayounette49 folds
_enorme_ folds
ssik1611 folds
manggy94 calls 30
yeO25 raises 60 to 90
le  chat folds
Ti-goupillon folds
Steeeeeven calls 60
manggy94 calls 60
*** FLOP *** [7s Jh 4c]
Steeeeeven bets 30
manggy94 raises 345 to 375
yeO25 folds
Steeeeeven calls 345
*** TURN *** [7s Jh 4c][Ts]
Steeeeeven bets 30
manggy94 calls 30
*** RIVER *** [7s Jh 4c Ts][Kd]
Steeeeeven bets 30
manggy94 calls 30
*** SHOW DOWN ***
Steeeeeven shows [7h 9h] (One pair : 7)
manggy94 shows [Jc 3c] (One pair : Jacks)
manggy94 collected 1155 from pot
*** SUMMARY ***
Total pot 1155 | No rake
Board: [7s Jh 4c Ts Kd]
Seat 4: Steeeeeven (big blind) showed [7h 9h] and lost with One pair : 7
Seat 9: manggy94 showed [Jc 3c] and won 1155 with One pair : Jacks


Winamax Poker - Tournament "VIP Freeroll: Aluminium" buyIn: Ticket only level: 2 - HandId: #568654644947976264-15-1444846384 - Holdem no limit (20/40) - 2015/10/14 18:13:04 UTC
Table: 'VIP Freeroll: Aluminium(132400227)#071' 9-max (real money) Seat #3 is the button
Seat 1: yeO25 (2865)
Seat 2: le  chat (2925)
Seat 3: Ti-goupillon (2955)
Seat 4: Steeeeeven (3085)
Seat 5: BeN-RuN (2955)
Seat 6: Yayounette49 (5520)
Seat 7: _enorme_ (2945)
Seat 8: ssik1611 (2925)
Seat 9: manggy94 (6825)
*** ANTE/BLINDS ***
Steeeeeven posts small blind 20
BeN-RuN posts big blind 40
Dealt to manggy94 [8s 4d]
*** PRE-FLOP *** 
Yayounette49 calls 40
_enorme_ folds
ssik1611 folds
manggy94 folds
yeO25 folds
le  chat folds
Ti-goupillon calls 40
Steeeeeven calls 20
BeN-RuN folds
*** FLOP *** [2d 4h Td]
Steeeeeven checks
Yayounette49 checks
Ti-goupillon checks
*** TURN *** [2d 4h Td][Kc]
Steeeeeven checks
Yayounette49 bets 40
Ti-goupillon folds
Steeeeeven folds
Yayounette49 collected 200 from pot
*** SUMMARY ***
Total pot 200 | No rake
Board: [2d 4h Td Kc]
Seat 6: Yayounette49 won 200


Winamax Poker - Tournament "VIP Freeroll: Aluminium" buyIn: Ticket only level: 2 - HandId: #568654644947976264-16-1444846507 - Holdem no limit (20/40) - 2015/10/14 18:15:07 UTC
Table: 'VIP Freeroll: Aluminium(132400227)#071' 9-max (real money) Seat #4 is the button
Seat 1: yeO25 (2865)
Seat 2: le  chat (2925)
Seat 3: Ti-goupillon (2915)
Seat 4: Steeeeeven (3045)
Seat 5: BeN-RuN (2915)
Seat 6: Yayounette49 (5640)
Seat 7: _enorme_ (2945)
Seat 8: ssik1611 (2925)
Seat 9: manggy94 (6825)
*** ANTE/BLINDS ***
BeN-RuN posts small blind 20
Yayounette49 posts big blind 40
Dealt to manggy94 [5h 6s]
*** PRE-FLOP *** 
_enorme_ folds
ssik1611 folds
manggy94 folds
yeO25 folds
le  chat raises 80 to 120
Ti-goupillon folds
Steeeeeven folds
BeN-RuN folds
Yayounette49 folds
le  chat collected 180 from pot
*** SUMMARY ***
Total pot 180 | No rake
Seat 2: le  chat won 180


Winamax Poker - Tournament "VIP Freeroll: Aluminium" buyIn: Ticket only level: 2 - HandId: #568654644947976264-17-1444846535 - Holdem no limit (20/40) - 2015/10/14 18:15:35 UTC
Table: 'VIP Freeroll: Aluminium(132400227)#071' 9-max (real money) Seat #5 is the button
Seat 1: yeO25 (2865)
Seat 2: le  chat (2985)
Seat 3: Ti-goupillon (2915)
Seat 4: Steeeeeven (3045)
Seat 5: BeN-RuN (2895)
Seat 6: Yayounette49 (5600)
Seat 7: _enorme_ (2945)
Seat 8: ssik1611 (2925)
Seat 9: manggy94 (6825)
*** ANTE/BLINDS ***
Yayounette49 posts small blind 20
_enorme_ posts big blind 40
Dealt to manggy94 [Js 5c]
*** PRE-FLOP *** 
ssik1611 folds
manggy94 folds
yeO25 raises 60 to 100
le  chat folds
Ti-goupillon folds
Steeeeeven folds
BeN-RuN folds
Yayounette49 folds
_enorme_ folds
yeO25 collected 160 from pot
*** SUMMARY ***
Total pot 160 | No rake
Seat 1: yeO25 won 160


Winamax Poker - Tournament "VIP Freeroll: Aluminium" buyIn: Ticket only level: 2 - HandId: #568654644947976264-18-1444846568 - Holdem no limit (20/40) - 2015/10/14 18:16:08 UTC
Table: 'VIP Freeroll: Aluminium(132400227)#071' 9-max (real money) Seat #6 is the button
Seat 1: yeO25 (2925)
Seat 2: le  chat (2985)
Seat 3: Ti-goupillon (2915)
Seat 4: Steeeeeven (3045)
Seat 5: BeN-RuN (2895)
Seat 6: Yayounette49 (5580)
Seat 7: _enorme_ (2905)
Seat 8: ssik1611 (2925)
Seat 9: manggy94 (6825)
*** ANTE/BLINDS ***
_enorme_ posts small blind 20
ssik1611 posts big blind 40
Dealt to manggy94 [6s 5h]
*** PRE-FLOP *** 
manggy94 folds
yeO25 folds
le  chat calls 40
Ti-goupillon folds
Steeeeeven folds
BeN-RuN folds
Yayounette49 calls 40
_enorme_ folds
ssik1611 folds
*** FLOP *** [9c 5d 3s]
le  chat checks
Yayounette49 checks
*** TURN *** [9c 5d 3s][8c]
le  chat checks
Yayounette49 checks
*** RIVER *** [9c 5d 3s 8c][4c]
le  chat checks
Yayounette49 checks
*** SHOW DOWN ***
Yayounette49 shows [4d Kc] (One pair : 4)
le  chat shows [9h Jc] (One pair : 9)
le  chat collected 140 from pot
*** SUMMARY ***
Total pot 140 | No rake
Board: [9c 5d 3s 8c 4c]
Seat 2: le  chat showed [9h Jc] and won 140 with One pair : 9
Seat 6: Yayounette49 (button) showed [4d Kc] and lost with One pair : 4


Winamax Poker - Tournament "VIP Freeroll: Aluminium" buyIn: Ticket only level: 2 - HandId: #568654644947976264-19-1444846643 - Holdem no limit (20/40) - 2015/10/14 18:17:23 UTC
Table: 'VIP Freeroll: Aluminium(132400227)#071' 9-max (real money) Seat #7 is the button
Seat 1: yeO25 (2925)
Seat 2: le  chat (3085)
Seat 3: Ti-goupillon (2915)
Seat 4: Steeeeeven (3045)
Seat 5: BeN-RuN (2895)
Seat 6: Yayounette49 (5540)
Seat 7: _enorme_ (2885)
Seat 8: ssik1611 (2885)
Seat 9: manggy94 (6825)
*** ANTE/BLINDS ***
ssik1611 posts small blind 20
manggy94 posts big blind 40
Dealt to manggy94 [Ac Jd]
*** PRE-FLOP *** 
yeO25 folds
le  chat calls 40
Ti-goupillon folds
Steeeeeven calls 40
BeN-RuN folds
Yayounette49 folds
_enorme_ folds
ssik1611 folds
manggy94 raises 140 to 180
le  chat calls 140
Steeeeeven calls 140
*** FLOP *** [9s 5h 2h]
manggy94 checks
le  chat bets 40
Steeeeeven raises 320 to 360
manggy94 raises 1320 to 1680
le  chat folds
Steeeeeven folds
manggy94 collected 2640 from pot
*** SUMMARY ***
Total pot 2640 | No rake
Board: [9s 5h 2h]
Seat 9: manggy94 (big blind) won 2640


Winamax Poker - Tournament "VIP Freeroll: Aluminium" buyIn: Ticket only level: 3 - HandId: #568654644947976264-20-1444846751 - Holdem no limit (30/60) - 2015/10/14 18:19:11 UTC
Table: 'VIP Freeroll: Aluminium(132400227)#071' 9-max (real money) Seat #8 is the button
Seat 1: yeO25 (2925)
Seat 2: le  chat (2865)
Seat 3: Ti-goupillon (2915)
Seat 4: Steeeeeven (2505)
Seat 5: BeN-RuN (2895)
Seat 6: Yayounette49 (5540)
Seat 7: _enorme_ (2885)
Seat 8: ssik1611 (2865)
Seat 9: manggy94 (7605)
*** ANTE/BLINDS ***
manggy94 posts small blind 30
yeO25 posts big blind 60
Dealt to manggy94 [5d 2s]
*** PRE-FLOP *** 
le  chat folds
Ti-goupillon raises 60 to 120
Steeeeeven folds
BeN-RuN folds
Yayounette49 folds
_enorme_ folds
ssik1611 folds
manggy94 folds
yeO25 folds
Ti-goupillon collected 210 from pot
*** SUMMARY ***
Total pot 210 | No rake
Seat 3: Ti-goupillon won 210


Winamax Poker - Tournament "VIP Freeroll: Aluminium" buyIn: Ticket only level: 3 - HandId: #568654644947976264-21-1444846785 - Holdem no limit (30/60) - 2015/10/14 18:19:45 UTC
Table: 'VIP Freeroll: Aluminium(132400227)#071' 9-max (real money) Seat #9 is the button
Seat 1: yeO25 (2865)
Seat 2: le  chat (2865)
Seat 3: Ti-goupillon (3005)
Seat 4: Steeeeeven (2505)
Seat 5: BeN-RuN (2895)
Seat 6: Yayounette49 (5540)
Seat 7: _enorme_ (2885)
Seat 8: ssik1611 (2865)
Seat 9: manggy94 (7575)
*** ANTE/BLINDS ***
yeO25 posts small blind 30
le  chat posts big blind 60
Dealt to manggy94 [5h 6d]
*** PRE-FLOP *** 
Ti-goupillon folds
Steeeeeven raises 150 to 210
BeN-RuN folds
Yayounette49 calls 210
_enorme_ folds
ssik1611 folds
manggy94 folds
yeO25 raises 2655 to 2865 and is all-in
le  chat folds
Steeeeeven folds
Yayounette49 calls 2655
*** FLOP *** [7s 8s 2s]
*** TURN *** [7s 8s 2s][2h]
*** RIVER *** [7s 8s 2s 2h][2c]
*** SHOW DOWN ***
yeO25 shows [Ad Ks] (Trips of 2)
Yayounette49 shows [6s As] (Flush Ace high)
Yayounette49 collected 6000 from pot
*** SUMMARY ***
Total pot 6000 | No rake
Board: [7s 8s 2s 2h 2c]
Seat 1: yeO25 (small blind) showed [Ad Ks] and lost with Trips of 2
Seat 6: Yayounette49 showed [6s As] and won 6000 with Flush Ace high


Winamax Poker - Tournament "VIP Freeroll: Aluminium" buyIn: Ticket only level: 3 - HandId: #568654644947976264-22-1444846840 - Holdem no limit (30/60) - 2015/10/14 18:20:40 UTC
Table: 'VIP Freeroll: Aluminium(132400227)#071' 9-max (real money) Seat #1 is the button
Seat 2: le  chat (2805)
Seat 3: Ti-goupillon (3005)
Seat 4: Steeeeeven (2295)
Seat 5: BeN-RuN (2895)
Seat 6: Yayounette49 (8675)
Seat 7: _enorme_ (2885)
Seat 8: ssik1611 (2865)
Seat 9: manggy94 (7575)
*** ANTE/BLINDS ***
le  chat posts small blind 30
Ti-goupillon posts big blind 60
Dealt to manggy94 [Jh 3h]
*** PRE-FLOP *** 
Steeeeeven folds
BeN-RuN folds
Yayounette49 folds
_enorme_ folds
ssik1611 folds
manggy94 calls 60
le  chat calls 30
Ti-goupillon checks
*** FLOP *** [Ah Kc 7h]
le  chat bets 60
Ti-goupillon folds
manggy94 raises 300 to 360
le  chat calls 300
*** TURN *** [Ah Kc 7h][3c]
le  chat checks
manggy94 checks
*** RIVER *** [Ah Kc 7h 3c][9h]
le  chat bets 675
manggy94 raises 6480 to 7155 and is all-in
le  chat calls 1710 and is all-in
*** SHOW DOWN ***
le  chat shows [Th 4h] (Flush Ace high)
manggy94 shows [Jh 3h] (Flush Ace high)
manggy94 collected 10440 from pot
*** SUMMARY ***
Total pot 10440 | No rake
Board: [Ah Kc 7h 3c 9h]
Seat 2: le  chat (small blind) showed [Th 4h] and lost with Flush Ace high
Seat 9: manggy94 showed [Jh 3h] and won 10440 with Flush Ace high


Winamax Poker - Tournament "VIP Freeroll: Aluminium" buyIn: Ticket only level: 3 - HandId: #568654644947976264-23-1444846920 - Holdem no limit (30/60) - 2015/10/14 18:22:00 UTC
Table: 'VIP Freeroll: Aluminium(132400227)#071' 9-max (real money) Seat #2 is the button
Seat 1: barcamessi84 (3000)
Seat 3: Ti-goupillon (2945)
Seat 4: Steeeeeven (2295)
Seat 5: BeN-RuN (2895)
Seat 6: Yayounette49 (8675)
Seat 7: _enorme_ (2885)
Seat 8: ssik1611 (2865)
Seat 9: manggy94 (10440)
*** ANTE/BLINDS ***
Ti-goupillon posts small blind 30
Steeeeeven posts big blind 60
Dealt to manggy94 [3d 8d]
*** PRE-FLOP *** 
BeN-RuN folds
Yayounette49 folds
_enorme_ folds
ssik1611 folds
manggy94 calls 60
Ti-goupillon raises 60 to 120
Steeeeeven folds
manggy94 folds
Ti-goupillon collected 240 from pot
*** SUMMARY ***
Total pot 240 | No rake
Seat 3: Ti-goupillon (small blind) won 240


Winamax Poker - Tournament "VIP Freeroll: Aluminium" buyIn: Ticket only level: 3 - HandId: #568654644947976264-24-1444846962 - Holdem no limit (30/60) - 2015/10/14 18:22:42 UTC
Table: 'VIP Freeroll: Aluminium(132400227)#071' 9-max (real money) Seat #3 is the button
Seat 1: barcamessi84 (3000)
Seat 2: Crazytony (2795)
Seat 3: Ti-goupillon (3065)
Seat 4: Steeeeeven (2235)
Seat 5: BeN-RuN (2895)
Seat 6: Yayounette49 (8675)
Seat 7: _enorme_ (2885)
Seat 8: ssik1611 (2865)
Seat 9: manggy94 (10380)
*** ANTE/BLINDS ***
Steeeeeven posts small blind 30
BeN-RuN posts big blind 60
Dealt to manggy94 [5h 9s]
*** PRE-FLOP *** 
Yayounette49 calls 60
_enorme_ folds
ssik1611 folds
manggy94 folds
barcamessi84 folds
Crazytony folds
Ti-goupillon raises 60 to 120
Steeeeeven folds
BeN-RuN folds
Yayounette49 calls 60
*** FLOP *** [9h 5s 6s]
Yayounette49 checks
Ti-goupillon bets 120
Yayounette49 folds
Ti-goupillon collected 450 from pot
*** SUMMARY ***
Total pot 450 | No rake
Board: [9h 5s 6s]
Seat 3: Ti-goupillon (button) won 450


Winamax Poker - Tournament "VIP Freeroll: Aluminium" buyIn: Ticket only level: 3 - HandId: #568654644947976264-25-1444846993 - Holdem no limit (30/60) - 2015/10/14 18:23:13 UTC
Table: 'VIP Freeroll: Aluminium(132400227)#071' 9-max (real money) Seat #4 is the button
Seat 1: barcamessi84 (3000)
Seat 2: Crazytony (2795)
Seat 3: Ti-goupillon (3275)
Seat 4: Steeeeeven (2205)
Seat 5: BeN-RuN (2835)
Seat 6: Yayounette49 (8555)
Seat 7: _enorme_ (2885)
Seat 8: ssik1611 (2865)
Seat 9: manggy94 (10380)
*** ANTE/BLINDS ***
BeN-RuN posts small blind 30
Yayounette49 posts big blind 60
Dealt to manggy94 [Ts 7c]
*** PRE-FLOP *** 
_enorme_ folds
ssik1611 folds
manggy94 folds
barcamessi84 raises 2940 to 3000 and is all-in
Crazytony folds
Ti-goupillon folds
Steeeeeven folds
BeN-RuN folds
Yayounette49 folds
barcamessi84 collected 3090 from pot
*** SUMMARY ***
Total pot 3090 | No rake
Seat 1: barcamessi84 won 3090


Winamax Poker - Tournament "VIP Freeroll: Aluminium" buyIn: Ticket only level: 3 - HandId: #568654644947976264-26-1444847022 - Holdem no limit (30/60) - 2015/10/14 18:23:42 UTC
Table: 'VIP Freeroll: Aluminium(132400227)#071' 9-max (real money) Seat #5 is the button
Seat 1: barcamessi84 (3090)
Seat 2: Crazytony (2795)
Seat 3: Ti-goupillon (3275)
Seat 4: Steeeeeven (2205)
Seat 5: BeN-RuN (2805)
Seat 6: Yayounette49 (8495)
Seat 7: _enorme_ (2885)
Seat 8: ssik1611 (2865)
Seat 9: manggy94 (10380)
*** ANTE/BLINDS ***
Yayounette49 posts small blind 30
_enorme_ posts big blind 60
Dealt to manggy94 [8h 7h]
*** PRE-FLOP *** 
ssik1611 folds
manggy94 calls 60
barcamessi84 folds
Crazytony folds
Ti-goupillon folds
Steeeeeven folds
BeN-RuN folds
Yayounette49 calls 30
_enorme_ folds
*** FLOP *** [6c 2s 5d]
Yayounette49 checks
manggy94 checks
*** TURN *** [6c 2s 5d][8d]
Yayounette49 checks
manggy94 bets 180
Yayounette49 calls 180
*** RIVER *** [6c 2s 5d 8d][2h]
Yayounette49 bets 540
manggy94 calls 540
*** SHOW DOWN ***
manggy94 shows [8h 7h] (Two pairs : 8 and 2)
Yayounette49 shows [4c 3c] (Straight 6 high)
Yayounette49 collected 1620 from pot
*** SUMMARY ***
Total pot 1620 | No rake
Board: [6c 2s 5d 8d 2h]
Seat 6: Yayounette49 (small blind) showed [4c 3c] and won 1620 with Straight 6 high
Seat 9: manggy94 showed [8h 7h] and lost with Two pairs : 8 and 2


Winamax Poker - Tournament "VIP Freeroll: Aluminium" buyIn: Ticket only level: 4 - HandId: #568654644947976264-27-1444847091 - Holdem no limit (40/80) - 2015/10/14 18:24:51 UTC
Table: 'VIP Freeroll: Aluminium(132400227)#071' 9-max (real money) Seat #6 is the button
Seat 1: barcamessi84 (3090)
Seat 2: Crazytony (2795)
Seat 3: Ti-goupillon (3275)
Seat 4: Steeeeeven (2205)
Seat 5: BeN-RuN (2805)
Seat 6: Yayounette49 (9335)
Seat 7: _enorme_ (2825)
Seat 8: ssik1611 (2865)
Seat 9: manggy94 (9600)
*** ANTE/BLINDS ***
_enorme_ posts small blind 40
ssik1611 posts big blind 80
Dealt to manggy94 [Th 5c]
*** PRE-FLOP *** 
manggy94 folds
barcamessi84 raises 80 to 160
Crazytony folds
Ti-goupillon folds
Steeeeeven calls 160
BeN-RuN folds
Yayounette49 folds
_enorme_ folds
ssik1611 folds
*** FLOP *** [Ac 4h 6d]
barcamessi84 bets 80
Steeeeeven folds
barcamessi84 collected 520 from pot
*** SUMMARY ***
Total pot 520 | No rake
Board: [Ac 4h 6d]
Seat 1: barcamessi84 won 520


Winamax Poker - Tournament "VIP Freeroll: Aluminium" buyIn: Ticket only level: 4 - HandId: #568654644947976264-28-1444847135 - Holdem no limit (40/80) - 2015/10/14 18:25:35 UTC
Table: 'VIP Freeroll: Aluminium(132400227)#071' 9-max (real money) Seat #7 is the button
Seat 1: barcamessi84 (3370)
Seat 2: Crazytony (2795)
Seat 3: Ti-goupillon (3275)
Seat 4: Steeeeeven (2045)
Seat 5: BeN-RuN (2805)
Seat 6: Yayounette49 (9335)
Seat 7: _enorme_ (2785)
Seat 8: ssik1611 (2785)
Seat 9: manggy94 (9600)
*** ANTE/BLINDS ***
ssik1611 posts small blind 40
manggy94 posts big blind 80
Dealt to manggy94 [Qs Kh]
*** PRE-FLOP *** 
barcamessi84 folds
Crazytony folds
Ti-goupillon folds
Steeeeeven folds
BeN-RuN folds
Yayounette49 calls 80
_enorme_ folds
ssik1611 folds
manggy94 checks
*** FLOP *** [2d 4s 5h]
manggy94 bets 200
Yayounette49 raises 200 to 400
manggy94 calls 200
*** TURN *** [2d 4s 5h][7d]
manggy94 checks
Yayounette49 bets 1000
manggy94 folds
Yayounette49 shows [Ac 3s] (Straight 5 high)
Yayounette49 collected 2000 from pot
*** SUMMARY ***
Total pot 2000 | No rake
Board: [2d 4s 5h 7d]
Seat 6: Yayounette49 showed [Ac 3s] and won 2000 with Straight 5 high


Winamax Poker - Tournament "VIP Freeroll: Aluminium" buyIn: Ticket only level: 4 - HandId: #568654644947976264-29-1444847185 - Holdem no limit (40/80) - 2015/10/14 18:26:25 UTC
Table: 'VIP Freeroll: Aluminium(132400227)#071' 9-max (real money) Seat #8 is the button
Seat 1: barcamessi84 (3370)
Seat 2: Crazytony (2795)
Seat 3: Ti-goupillon (3275)
Seat 4: Steeeeeven (2045)
Seat 5: BeN-RuN (2805)
Seat 6: Yayounette49 (9855)
Seat 7: _enorme_ (2785)
Seat 8: ssik1611 (2745)
Seat 9: manggy94 (9120)
*** ANTE/BLINDS ***
manggy94 posts small blind 40
barcamessi84 posts big blind 80
Dealt to manggy94 [5h Qh]
*** PRE-FLOP *** 
Crazytony folds
Ti-goupillon folds
Steeeeeven raises 200 to 280
BeN-RuN folds
Yayounette49 folds
_enorme_ folds
ssik1611 folds
manggy94 calls 240
barcamessi84 calls 200
*** FLOP *** [9s 5s Ac]
manggy94 checks
barcamessi84 bets 3090 and is all-in
Steeeeeven folds
manggy94 folds
barcamessi84 collected 3930 from pot
*** SUMMARY ***
Total pot 3930 | No rake
Board: [9s 5s Ac]
Seat 1: barcamessi84 (big blind) won 3930


Winamax Poker - Tournament "VIP Freeroll: Aluminium" buyIn: Ticket only level: 4 - HandId: #568654644947976264-30-1444847217 - Holdem no limit (40/80) - 2015/10/14 18:26:57 UTC
Table: 'VIP Freeroll: Aluminium(132400227)#071' 9-max (real money) Seat #9 is the button
Seat 1: barcamessi84 (3930)
Seat 2: Crazytony (2795)
Seat 3: Ti-goupillon (3275)
Seat 4: Steeeeeven (1765)
Seat 5: BeN-RuN (2805)
Seat 6: Yayounette49 (9855)
Seat 7: _enorme_ (2785)
Seat 8: ssik1611 (2745)
Seat 9: manggy94 (8840)
*** ANTE/BLINDS ***
barcamessi84 posts small blind 40
Crazytony posts big blind 80
Dealt to manggy94 [5s Jd]
*** PRE-FLOP *** 
Ti-goupillon calls 80
Steeeeeven raises 1685 to 1765 and is all-in
BeN-RuN folds
Yayounette49 calls 1765
_enorme_ folds
ssik1611 folds
manggy94 folds
barcamessi84 folds
Crazytony folds
Ti-goupillon folds
*** FLOP *** [4s Ac 9s]
*** TURN *** [4s Ac 9s][Kc]
*** RIVER *** [4s Ac 9s Kc][Ad]
*** SHOW DOWN ***
Steeeeeven shows [6d Ah] (Trips of Aces)
Yayounette49 shows [Th As] (Trips of Aces)
Yayounette49 collected 3730 from pot
*** SUMMARY ***
Total pot 3730 | No rake
Board: [4s Ac 9s Kc Ad]
Seat 4: Steeeeeven showed [6d Ah] and lost with Trips of Aces
Seat 6: Yayounette49 showed [Th As] and won 3730 with Trips of Aces


Winamax Poker - Tournament "VIP Freeroll: Aluminium" buyIn: Ticket only level: 4 - HandId: #568654644947976264-31-1444847250 - Holdem no limit (40/80) - 2015/10/14 18:27:30 UTC
Table: 'VIP Freeroll: Aluminium(132400227)#071' 9-max (real money) Seat #1 is the button
Seat 1: barcamessi84 (3890)
Seat 2: Crazytony (2715)
Seat 3: Ti-goupillon (3195)
Seat 5: BeN-RuN (2805)
Seat 6: Yayounette49 (11820)
Seat 7: _enorme_ (2785)
Seat 8: ssik1611 (2745)
Seat 9: manggy94 (8840)
*** ANTE/BLINDS ***
Crazytony posts small blind 40
Ti-goupillon posts big blind 80
Dealt to manggy94 [9c 5s]
*** PRE-FLOP *** 
BeN-RuN folds
Yayounette49 folds
_enorme_ folds
ssik1611 folds
manggy94 folds
barcamessi84 raises 80 to 160
Crazytony folds
Ti-goupillon calls 80
*** FLOP *** [8s 7c 7s]
Ti-goupillon checks
barcamessi84 bets 80
Ti-goupillon raises 80 to 160
barcamessi84 raises 80 to 240
Ti-goupillon calls 80
*** TURN *** [8s 7c 7s][3c]
Ti-goupillon checks
barcamessi84 checks
*** RIVER *** [8s 7c 7s 3c][7d]
Ti-goupillon bets 320
barcamessi84 raises 320 to 640
Ti-goupillon calls 320
*** SHOW DOWN ***
Ti-goupillon shows [Jc 8d] (Full of 7 and 8)
barcamessi84 shows [Ah As] (Full of 7 and Aces)
barcamessi84 collected 2120 from pot
*** SUMMARY ***
Total pot 2120 | No rake
Board: [8s 7c 7s 3c 7d]
Seat 1: barcamessi84 (button) showed [Ah As] and won 2120 with Full of 7 and Aces
Seat 3: Ti-goupillon (big blind) showed [Jc 8d] and lost with Full of 7 and 8


Winamax Poker - Tournament "VIP Freeroll: Aluminium" buyIn: Ticket only level: 4 - HandId: #568654644947976264-32-1444847320 - Holdem no limit (40/80) - 2015/10/14 18:28:40 UTC
Table: 'VIP Freeroll: Aluminium(132400227)#071' 9-max (real money) Seat #2 is the button
Seat 1: barcamessi84 (4970)
Seat 2: Crazytony (2675)
Seat 3: Ti-goupillon (2155)
Seat 4: RUNGOOD4WIN (3000)
Seat 5: BeN-RuN (2805)
Seat 6: Yayounette49 (11820)
Seat 7: _enorme_ (2785)
Seat 8: ssik1611 (2745)
Seat 9: manggy94 (8840)
*** ANTE/BLINDS ***
Ti-goupillon posts small blind 40
RUNGOOD4WIN posts big blind 80
Dealt to manggy94 [5d 3d]
*** PRE-FLOP *** 
BeN-RuN folds
Yayounette49 folds
_enorme_ folds
ssik1611 folds
manggy94 calls 80
barcamessi84 raises 80 to 160
Crazytony folds
Ti-goupillon calls 120
RUNGOOD4WIN calls 80
manggy94 calls 80
*** FLOP *** [Ts Jc Ah]
Ti-goupillon checks
RUNGOOD4WIN checks
manggy94 checks
barcamessi84 bets 640
Ti-goupillon folds
RUNGOOD4WIN folds
manggy94 folds
barcamessi84 collected 1280 from pot
*** SUMMARY ***
Total pot 1280 | No rake
Board: [Ts Jc Ah]
Seat 1: barcamessi84 won 1280


Winamax Poker - Tournament "VIP Freeroll: Aluminium" buyIn: Ticket only level: 4 - HandId: #568654644947976264-33-1444847397 - Holdem no limit (40/80) - 2015/10/14 18:29:57 UTC
Table: 'VIP Freeroll: Aluminium(132400227)#071' 9-max (real money) Seat #3 is the button
Seat 1: barcamessi84 (5450)
Seat 2: Crazytony (2675)
Seat 3: Ti-goupillon (1995)
Seat 4: RUNGOOD4WIN (2840)
Seat 5: BeN-RuN (2805)
Seat 6: Yayounette49 (11820)
Seat 7: _enorme_ (2785)
Seat 8: ssik1611 (2745)
Seat 9: manggy94 (8680)
*** ANTE/BLINDS ***
RUNGOOD4WIN posts small blind 40
BeN-RuN posts big blind 80
Dealt to manggy94 [Qd 8s]
*** PRE-FLOP *** 
Yayounette49 folds
_enorme_ folds
ssik1611 folds
manggy94 calls 80
barcamessi84 folds
Crazytony folds
Ti-goupillon calls 80
RUNGOOD4WIN folds
BeN-RuN folds
*** FLOP *** [Jh Th 3h]
manggy94 checks
Ti-goupillon bets 150
manggy94 folds
Ti-goupillon collected 430 from pot
*** SUMMARY ***
Total pot 430 | No rake
Board: [Jh Th 3h]
Seat 3: Ti-goupillon (button) won 430


Winamax Poker - Tournament "VIP Freeroll: Aluminium" buyIn: Ticket only level: 5 - HandId: #568654644947976264-34-1444847454 - Holdem no limit (60/120) - 2015/10/14 18:30:54 UTC
Table: 'VIP Freeroll: Aluminium(132400227)#071' 9-max (real money) Seat #4 is the button
Seat 1: barcamessi84 (5450)
Seat 2: Crazytony (2675)
Seat 3: Ti-goupillon (2195)
Seat 4: RUNGOOD4WIN (2800)
Seat 5: BeN-RuN (2725)
Seat 6: Yayounette49 (11820)
Seat 7: _enorme_ (2785)
Seat 8: ssik1611 (2745)
Seat 9: manggy94 (8600)
*** ANTE/BLINDS ***
BeN-RuN posts small blind 60
Yayounette49 posts big blind 120
Dealt to manggy94 [Jh 9c]
*** PRE-FLOP *** 
_enorme_ folds
ssik1611 folds
manggy94 folds
barcamessi84 calls 120
Crazytony folds
Ti-goupillon folds
RUNGOOD4WIN raises 2680 to 2800 and is all-in
BeN-RuN folds
Yayounette49 folds
barcamessi84 folds
RUNGOOD4WIN collected 3100 from pot
*** SUMMARY ***
Total pot 3100 | No rake
Seat 4: RUNGOOD4WIN (button) won 3100


Winamax Poker - Tournament "VIP Freeroll: Aluminium" buyIn: Ticket only level: 5 - HandId: #568654644947976264-35-1444847490 - Holdem no limit (60/120) - 2015/10/14 18:31:30 UTC
Table: 'VIP Freeroll: Aluminium(132400227)#071' 9-max (real money) Seat #5 is the button
Seat 1: barcamessi84 (5330)
Seat 2: Crazytony (2675)
Seat 3: Ti-goupillon (2195)
Seat 4: RUNGOOD4WIN (3100)
Seat 5: BeN-RuN (2665)
Seat 6: Yayounette49 (11700)
Seat 7: _enorme_ (2785)
Seat 8: ssik1611 (2745)
Seat 9: manggy94 (8600)
*** ANTE/BLINDS ***
Yayounette49 posts small blind 60
_enorme_ posts big blind 120
Dealt to manggy94 [Jd 8c]
*** PRE-FLOP *** 
ssik1611 folds
manggy94 folds
barcamessi84 calls 120
Crazytony folds
Ti-goupillon calls 120
RUNGOOD4WIN raises 2980 to 3100 and is all-in
BeN-RuN folds
Yayounette49 folds
_enorme_ folds
barcamessi84 calls 2980
Ti-goupillon folds
*** FLOP *** [Th Ks 3h]
*** TURN *** [Th Ks 3h][5c]
*** RIVER *** [Th Ks 3h 5c][8h]
*** SHOW DOWN ***
barcamessi84 shows [Qd Kd] (One pair : Kings)
RUNGOOD4WIN shows [Tc Ts] (Trips of Tens)
RUNGOOD4WIN collected 6500 from pot
*** SUMMARY ***
Total pot 6500 | No rake
Board: [Th Ks 3h 5c 8h]
Seat 1: barcamessi84 showed [Qd Kd] and lost with One pair : Kings
Seat 4: RUNGOOD4WIN showed [Tc Ts] and won 6500 with Trips of Tens


Winamax Poker - Tournament "VIP Freeroll: Aluminium" buyIn: Ticket only level: 5 - HandId: #568654644947976264-36-1444847524 - Holdem no limit (60/120) - 2015/10/14 18:32:04 UTC
Table: 'VIP Freeroll: Aluminium(132400227)#071' 9-max (real money) Seat #6 is the button
Seat 1: barcamessi84 (2230)
Seat 2: Crazytony (2675)
Seat 3: Ti-goupillon (2075)
Seat 4: RUNGOOD4WIN (6500)
Seat 5: BeN-RuN (2665)
Seat 6: Yayounette49 (11640)
Seat 7: _enorme_ (2665)
Seat 8: ssik1611 (2745)
Seat 9: manggy94 (8600)
*** ANTE/BLINDS ***
_enorme_ posts small blind 60
ssik1611 posts big blind 120
Dealt to manggy94 [4h 3c]
*** PRE-FLOP *** 
manggy94 folds
barcamessi84 folds
Crazytony folds
Ti-goupillon folds
RUNGOOD4WIN raises 240 to 360
BeN-RuN folds
Yayounette49 calls 360
_enorme_ folds
ssik1611 folds
*** FLOP *** [8h 9d Qs]
RUNGOOD4WIN checks
Yayounette49 bets 900
RUNGOOD4WIN calls 900
*** TURN *** [8h 9d Qs][9s]
RUNGOOD4WIN checks
Yayounette49 checks
*** RIVER *** [8h 9d Qs 9s][Jd]
RUNGOOD4WIN checks
Yayounette49 checks
*** SHOW DOWN ***
Yayounette49 shows [8s 7d] (Two pairs : 9 and 8)
RUNGOOD4WIN shows [Qc Ks] (Two pairs : Queens and 9)
RUNGOOD4WIN collected 2700 from pot
*** SUMMARY ***
Total pot 2700 | No rake
Board: [8h 9d Qs 9s Jd]
Seat 4: RUNGOOD4WIN showed [Qc Ks] and won 2700 with Two pairs : Queens and 9
Seat 6: Yayounette49 (button) showed [8s 7d] and lost with Two pairs : 9 and 8


Winamax Poker - Tournament "VIP Freeroll: Aluminium" buyIn: Ticket only level: 5 - HandId: #568654644947976264-37-1444847591 - Holdem no limit (60/120) - 2015/10/14 18:33:11 UTC
Table: 'VIP Freeroll: Aluminium(132400227)#071' 9-max (real money) Seat #7 is the button
Seat 1: barcamessi84 (2230)
Seat 2: Crazytony (2675)
Seat 3: Ti-goupillon (2075)
Seat 4: RUNGOOD4WIN (7940)
Seat 5: BeN-RuN (2665)
Seat 6: Yayounette49 (10380)
Seat 7: _enorme_ (2605)
Seat 8: ssik1611 (2625)
Seat 9: manggy94 (8600)
*** ANTE/BLINDS ***
ssik1611 posts small blind 60
manggy94 posts big blind 120
Dealt to manggy94 [6d 7h]
*** PRE-FLOP *** 
barcamessi84 calls 120
Crazytony folds
Ti-goupillon folds
RUNGOOD4WIN folds
BeN-RuN folds
Yayounette49 calls 120
_enorme_ raises 540 to 660
ssik1611 folds
manggy94 folds
barcamessi84 folds
Yayounette49 calls 540
*** FLOP *** [9s 6s 5d]
Yayounette49 checks
_enorme_ bets 1945 and is all-in
Yayounette49 calls 1945
*** TURN *** [9s 6s 5d][8s]
*** RIVER *** [9s 6s 5d 8s][8d]
*** SHOW DOWN ***
Yayounette49 shows [Qc As] (One pair : 8)
_enorme_ shows [Ac Qh] (One pair : 8)
_enorme_ collected 2755 from pot
Yayounette49 collected 2755 from pot
*** SUMMARY ***
Total pot 5510 | No rake
Board: [9s 6s 5d 8s 8d]
Seat 6: Yayounette49 showed [Qc As] and won 2755 with One pair : 8
Seat 7: _enorme_ (button) showed [Ac Qh] and won 2755 with One pair : 8


Winamax Poker - Tournament "VIP Freeroll: Aluminium" buyIn: Ticket only level: 5 - HandId: #568654644947976264-38-1444847661 - Holdem no limit (60/120) - 2015/10/14 18:34:21 UTC
Table: 'VIP Freeroll: Aluminium(132400227)#071' 9-max (real money) Seat #8 is the button
Seat 1: barcamessi84 (2110)
Seat 2: Crazytony (2675)
Seat 3: Ti-goupillon (2075)
Seat 4: RUNGOOD4WIN (7940)
Seat 5: BeN-RuN (2665)
Seat 6: Yayounette49 (10530)
Seat 7: _enorme_ (2755)
Seat 8: ssik1611 (2565)
Seat 9: manggy94 (8480)
*** ANTE/BLINDS ***
manggy94 posts small blind 60
barcamessi84 posts big blind 120
Dealt to manggy94 [2h 9c]
*** PRE-FLOP *** 
Crazytony folds
Ti-goupillon folds
RUNGOOD4WIN raises 120 to 240
BeN-RuN folds
Yayounette49 folds
_enorme_ calls 240
ssik1611 folds
manggy94 folds
barcamessi84 calls 120
*** FLOP *** [8d 3h Ks]
barcamessi84 bets 1870 and is all-in
RUNGOOD4WIN folds
_enorme_ folds
barcamessi84 collected 2650 from pot
*** SUMMARY ***
Total pot 2650 | No rake
Board: [8d 3h Ks]
Seat 1: barcamessi84 (big blind) won 2650


Winamax Poker - Tournament "VIP Freeroll: Aluminium" buyIn: Ticket only level: 5 - HandId: #568654644947976264-39-1444847686 - Holdem no limit (60/120) - 2015/10/14 18:34:46 UTC
Table: 'VIP Freeroll: Aluminium(132400227)#071' 9-max (real money) Seat #9 is the button
Seat 1: barcamessi84 (2650)
Seat 2: Crazytony (2675)
Seat 3: Ti-goupillon (2075)
Seat 4: RUNGOOD4WIN (7700)
Seat 5: BeN-RuN (2665)
Seat 6: Yayounette49 (10530)
Seat 7: _enorme_ (2515)
Seat 8: ssik1611 (2565)
Seat 9: manggy94 (8420)
*** ANTE/BLINDS ***
barcamessi84 posts small blind 60
Crazytony posts big blind 120
Dealt to manggy94 [6d 4d]
*** PRE-FLOP *** 
Ti-goupillon folds
RUNGOOD4WIN folds
BeN-RuN folds
Yayounette49 calls 120
_enorme_ folds
ssik1611 folds
manggy94 calls 120
barcamessi84 calls 60
Crazytony folds
*** FLOP *** [7s 3c 2d]
barcamessi84 checks
Yayounette49 checks
manggy94 checks
*** TURN *** [7s 3c 2d][Tc]
barcamessi84 checks
Yayounette49 checks
manggy94 checks
*** RIVER *** [7s 3c 2d Tc][Qs]
barcamessi84 checks
Yayounette49 checks
manggy94 checks
*** SHOW DOWN ***
barcamessi84 shows [9c 8h] (High card : Queen)
manggy94 shows [6d 4d] (High card : Queen)
Yayounette49 shows [4h As] (High card : Ace)
Yayounette49 collected 480 from pot
*** SUMMARY ***
Total pot 480 | No rake
Board: [7s 3c 2d Tc Qs]
Seat 1: barcamessi84 (small blind) showed [9c 8h] and lost with High card : Queen
Seat 6: Yayounette49 showed [4h As] and won 480 with High card : Ace
Seat 9: manggy94 (button) showed [6d 4d] and lost with High card : Queen


Winamax Poker - Tournament "VIP Freeroll: Aluminium" buyIn: Ticket only level: 5 - HandId: #568654644947976264-40-1444847736 - Holdem no limit (60/120) - 2015/10/14 18:35:36 UTC
Table: 'VIP Freeroll: Aluminium(132400227)#071' 9-max (real money) Seat #1 is the button
Seat 1: barcamessi84 (2530)
Seat 2: Crazytony (2555)
Seat 3: Ti-goupillon (2075)
Seat 4: RUNGOOD4WIN (7700)
Seat 5: BeN-RuN (2665)
Seat 6: Yayounette49 (10890)
Seat 7: _enorme_ (2515)
Seat 8: ssik1611 (2565)
Seat 9: manggy94 (8300)
*** ANTE/BLINDS ***
Crazytony posts small blind 60
Ti-goupillon posts big blind 120
Dealt to manggy94 [7c Td]
*** PRE-FLOP *** 
RUNGOOD4WIN folds
BeN-RuN folds
Yayounette49 folds
_enorme_ folds
ssik1611 folds
manggy94 folds
barcamessi84 raises 300 to 420
Crazytony folds
Ti-goupillon calls 300
*** FLOP *** [3s Ac 2c]
Ti-goupillon checks
barcamessi84 bets 900
Ti-goupillon folds
barcamessi84 collected 1800 from pot
*** SUMMARY ***
Total pot 1800 | No rake
Board: [3s Ac 2c]
Seat 1: barcamessi84 (button) won 1800


Winamax Poker - Tournament "VIP Freeroll: Aluminium" buyIn: Ticket only level: 5 - HandId: #568654644947976264-41-1444847772 - Holdem no limit (60/120) - 2015/10/14 18:36:12 UTC
Table: 'VIP Freeroll: Aluminium(132400227)#071' 9-max (real money) Seat #2 is the button
Seat 1: barcamessi84 (3010)
Seat 2: Crazytony (2495)
Seat 3: Ti-goupillon (1655)
Seat 4: RUNGOOD4WIN (7700)
Seat 5: BeN-RuN (2665)
Seat 6: Yayounette49 (10890)
Seat 7: _enorme_ (2515)
Seat 8: ssik1611 (2565)
Seat 9: manggy94 (8300)
*** ANTE/BLINDS ***
Ti-goupillon posts small blind 60
RUNGOOD4WIN posts big blind 120
Dealt to manggy94 [Td 2d]
*** PRE-FLOP *** 
BeN-RuN folds
Yayounette49 calls 120
_enorme_ folds
ssik1611 folds
manggy94 folds
barcamessi84 calls 120
Crazytony folds
Ti-goupillon folds
RUNGOOD4WIN checks
*** FLOP *** [Ts 6h Jh]
RUNGOOD4WIN checks
Yayounette49 checks
barcamessi84 checks
*** TURN *** [Ts 6h Jh][Jd]
RUNGOOD4WIN checks
Yayounette49 checks
barcamessi84 checks
*** RIVER *** [Ts 6h Jh Jd][Kc]
RUNGOOD4WIN bets 280
Yayounette49 folds
barcamessi84 raises 980 to 1260
RUNGOOD4WIN folds
barcamessi84 collected 1960 from pot
*** SUMMARY ***
Total pot 1960 | No rake
Board: [Ts 6h Jh Jd Kc]
Seat 1: barcamessi84 won 1960


Winamax Poker - Tournament "VIP Freeroll: Aluminium" buyIn: Ticket only level: 6 - HandId: #568654644947976264-42-1444847827 - Holdem no limit (10/60/120) - 2015/10/14 18:37:07 UTC
Table: 'VIP Freeroll: Aluminium(132400227)#071' 9-max (real money) Seat #3 is the button
Seat 1: barcamessi84 (3590)
Seat 2: Crazytony (2495)
Seat 3: Ti-goupillon (1595)
Seat 4: RUNGOOD4WIN (7300)
Seat 5: BeN-RuN (2665)
Seat 6: Yayounette49 (10770)
Seat 7: _enorme_ (2515)
Seat 8: ssik1611 (2565)
Seat 9: manggy94 (8300)
*** ANTE/BLINDS ***
RUNGOOD4WIN posts ante 10
BeN-RuN posts ante 10
barcamessi84 posts ante 10
Crazytony posts ante 10
Ti-goupillon posts ante 10
Yayounette49 posts ante 10
_enorme_ posts ante 10
ssik1611 posts ante 10
manggy94 posts ante 10
RUNGOOD4WIN posts small blind 60
BeN-RuN posts big blind 120
Dealt to manggy94 [8c Qh]
*** PRE-FLOP *** 
Yayounette49 calls 120
_enorme_ folds
ssik1611 folds
manggy94 calls 120
barcamessi84 raises 630 to 750
Crazytony folds
Ti-goupillon folds
RUNGOOD4WIN folds
BeN-RuN folds
Yayounette49 calls 630
manggy94 calls 630
*** FLOP *** [Kd 7c 3h]
Yayounette49 checks
manggy94 checks
barcamessi84 bets 2830 and is all-in
Yayounette49 folds
manggy94 folds
barcamessi84 collected 5350 from pot
*** SUMMARY ***
Total pot 5350 | No rake
Board: [Kd 7c 3h]
Seat 1: barcamessi84 won 5350


Winamax Poker - Tournament "VIP Freeroll: Aluminium" buyIn: Ticket only level: 6 - HandId: #568654644947976264-43-1444847868 - Holdem no limit (10/60/120) - 2015/10/14 18:37:48 UTC
Table: 'VIP Freeroll: Aluminium(132400227)#071' 9-max (real money) Seat #4 is the button
Seat 1: barcamessi84 (5350)
Seat 2: Crazytony (2485)
Seat 3: Ti-goupillon (1585)
Seat 4: RUNGOOD4WIN (7230)
Seat 5: BeN-RuN (2535)
Seat 6: Yayounette49 (10010)
Seat 7: _enorme_ (2505)
Seat 8: ssik1611 (2555)
Seat 9: manggy94 (7540)
*** ANTE/BLINDS ***
BeN-RuN posts ante 10
Yayounette49 posts ante 10
barcamessi84 posts ante 10
Crazytony posts ante 10
Ti-goupillon posts ante 10
RUNGOOD4WIN posts ante 10
_enorme_ posts ante 10
ssik1611 posts ante 10
manggy94 posts ante 10
BeN-RuN posts small blind 60
Yayounette49 posts big blind 120
Dealt to manggy94 [Qc 8d]
*** PRE-FLOP *** 
_enorme_ folds
ssik1611 folds
manggy94 folds
barcamessi84 calls 120
Crazytony folds
Ti-goupillon raises 120 to 240
RUNGOOD4WIN folds
BeN-RuN folds
Yayounette49 calls 120
barcamessi84 calls 120
*** FLOP *** [Ah 4d 5h]
Yayounette49 bets 120
barcamessi84 calls 120
Ti-goupillon raises 1215 to 1335 and is all-in
Yayounette49 folds
barcamessi84 calls 1215
*** TURN *** [Ah 4d 5h][6h]
*** RIVER *** [Ah 4d 5h 6h][7s]
*** SHOW DOWN ***
Ti-goupillon shows [Ac 9c] (One pair : Aces)
barcamessi84 shows [5c 6c] (Two pairs : 6 and 5)
barcamessi84 collected 3660 from pot
*** SUMMARY ***
Total pot 3660 | No rake
Board: [Ah 4d 5h 6h 7s]
Seat 1: barcamessi84 showed [5c 6c] and won 3660 with Two pairs : 6 and 5
Seat 3: Ti-goupillon showed [Ac 9c] and lost with One pair : Aces


Winamax Poker - Tournament "VIP Freeroll: Aluminium" buyIn: Ticket only level: 6 - HandId: #568654644947976264-44-1444847917 - Holdem no limit (10/60/120) - 2015/10/14 18:38:37 UTC
Table: 'VIP Freeroll: Aluminium(132400227)#071' 9-max (real money) Seat #5 is the button
Seat 1: barcamessi84 (7425)
Seat 2: Crazytony (2475)
Seat 4: RUNGOOD4WIN (7220)
Seat 5: BeN-RuN (2465)
Seat 6: Yayounette49 (9640)
Seat 7: _enorme_ (2495)
Seat 8: ssik1611 (2545)
Seat 9: manggy94 (7530)
*** ANTE/BLINDS ***
Yayounette49 posts ante 10
_enorme_ posts ante 10
barcamessi84 posts ante 10
Crazytony posts ante 10
RUNGOOD4WIN posts ante 10
BeN-RuN posts ante 10
ssik1611 posts ante 10
manggy94 posts ante 10
Yayounette49 posts small blind 60
_enorme_ posts big blind 120
Dealt to manggy94 [Jh 3c]
*** PRE-FLOP *** 
ssik1611 folds
manggy94 folds
barcamessi84 folds
Crazytony folds
RUNGOOD4WIN folds
BeN-RuN folds
Yayounette49 folds
_enorme_ collected 260 from pot
*** SUMMARY ***
Total pot 260 | No rake
Seat 7: _enorme_ (big blind) won 260


Winamax Poker - Tournament "VIP Freeroll: Aluminium" buyIn: Ticket only level: 6 - HandId: #568654644947976264-45-1444847934 - Holdem no limit (10/60/120) - 2015/10/14 18:38:54 UTC
Table: 'VIP Freeroll: Aluminium(132400227)#071' 9-max (real money) Seat #6 is the button
Seat 1: barcamessi84 (7415)
Seat 2: Crazytony (2465)
Seat 3: 77didikoko77 (2475)
Seat 4: RUNGOOD4WIN (7210)
Seat 5: BeN-RuN (2455)
Seat 6: Yayounette49 (9570)
Seat 7: _enorme_ (2625)
Seat 8: ssik1611 (2535)
Seat 9: manggy94 (7520)
*** ANTE/BLINDS ***
_enorme_ posts ante 10
ssik1611 posts ante 10
barcamessi84 posts ante 10
Crazytony posts ante 10
77didikoko77 posts ante 10
RUNGOOD4WIN posts ante 10
BeN-RuN posts ante 10
Yayounette49 posts ante 10
manggy94 posts ante 10
_enorme_ posts small blind 60
ssik1611 posts big blind 120
Dealt to manggy94 [9h Js]
*** PRE-FLOP *** 
manggy94 calls 120
barcamessi84 raises 510 to 630
Crazytony folds
77didikoko77 folds
RUNGOOD4WIN folds
BeN-RuN folds
Yayounette49 calls 630
_enorme_ folds
ssik1611 folds
manggy94 calls 510
*** FLOP *** [5c 2s 7s]
manggy94 checks
barcamessi84 bets 2160
Yayounette49 raises 6770 to 8930 and is all-in
manggy94 folds
barcamessi84 calls 4615 and is all-in
*** TURN *** [5c 2s 7s][Qh]
*** RIVER *** [5c 2s 7s Qh][8s]
*** SHOW DOWN ***
barcamessi84 shows [6h 6c] (One pair : 6)
Yayounette49 shows [Qs Qd] (Trips of Queens)
Yayounette49 collected 17865 from pot
*** SUMMARY ***
Total pot 17865 | No rake
Board: [5c 2s 7s Qh 8s]
Seat 1: barcamessi84 showed [6h 6c] and lost with One pair : 6
Seat 6: Yayounette49 (button) showed [Qs Qd] and won 17865 with Trips of Queens


Winamax Poker - Tournament "VIP Freeroll: Aluminium" buyIn: Ticket only level: 6 - HandId: #568654644947976264-46-1444848008 - Holdem no limit (10/60/120) - 2015/10/14 18:40:08 UTC
Table: 'VIP Freeroll: Aluminium(132400227)#071' 9-max (real money) Seat #7 is the button
Seat 2: Crazytony (2455)
Seat 3: 77didikoko77 (2465)
Seat 4: RUNGOOD4WIN (7200)
Seat 5: BeN-RuN (2445)
Seat 6: Yayounette49 (17865)
Seat 7: _enorme_ (2555)
Seat 8: ssik1611 (2405)
Seat 9: manggy94 (6880)
*** ANTE/BLINDS ***
ssik1611 posts ante 10
manggy94 posts ante 10
Crazytony posts ante 10
77didikoko77 posts ante 10
RUNGOOD4WIN posts ante 10
BeN-RuN posts ante 10
Yayounette49 posts ante 10
_enorme_ posts ante 10
ssik1611 posts small blind 60
manggy94 posts big blind 120
Dealt to manggy94 [Ks 8h]
*** PRE-FLOP *** 
Crazytony folds
77didikoko77 folds
RUNGOOD4WIN calls 120
BeN-RuN folds
Yayounette49 folds
_enorme_ folds
ssik1611 folds
manggy94 checks
*** FLOP *** [Ts 9d Kh]
manggy94 checks
RUNGOOD4WIN bets 180
manggy94 calls 180
*** TURN *** [Ts 9d Kh][7d]
manggy94 bets 740
RUNGOOD4WIN raises 6150 to 6890 and is all-in
manggy94 calls 5830 and is all-in
*** RIVER *** [Ts 9d Kh 7d][9c]
*** SHOW DOWN ***
manggy94 shows [Ks 8h] (Two pairs : Kings and 9)
RUNGOOD4WIN shows [Kd 9s] (Full of 9 and Kings)
RUNGOOD4WIN collected 14200 from pot
*** SUMMARY ***
Total pot 14200 | No rake
Board: [Ts 9d Kh 7d 9c]
Seat 4: RUNGOOD4WIN showed [Kd 9s] and won 14200 with Full of 9 and Kings
Seat 9: manggy94 (big blind) showed [Ks 8h] and lost with Two pairs : Kings and 9


