Winamax Poker - Tournament "Freeroll" buyIn: Free level: 0 - HandId: #541159200621854819-1-1439386229 - Holdem no limit (10/20) - 2015/08/12 13:30:29 UTC
Table: 'Freeroll(125998445)#098' 9-max (real money) Seat #5 is the button
Seat 1: XMALBX (3000)
Seat 2: pion51 (3000)
Seat 3: PUTAMEN (3000)
Seat 4: tioco1363 (3000)
Seat 5: Fightyou974 (3000)
Seat 6: lharmonya (3000)
Seat 7: psycodye (3000)
Seat 8: senthome (3000)
Seat 9: manggy94 (3000)
*** ANTE/BLINDS ***
lharmonya posts small blind 10
psycodye posts big blind 20
Dealt to manggy94 [Ad Kd]
*** PRE-FLOP *** 
senthome calls 20
manggy94 raises 220 to 240
XMALBX folds
pion51 calls 240
PUTAMEN folds
tioco1363 folds
Fightyou974 calls 240
lharmonya raises 2760 to 3000 and is all-in
psycodye folds
senthome folds
manggy94 calls 2760 and is all-in
pion51 folds
Fightyou974 folds
*** FLOP *** [3c Qd 9c]
*** TURN *** [3c Qd 9c][4d]
*** RIVER *** [3c Qd 9c 4d][7c]
*** SHOW DOWN ***
lharmonya shows [Js Ac] (High card : Ace)
manggy94 shows [Ad Kd] (High card : Ace)
manggy94 collected 6520 from pot
*** SUMMARY ***
Total pot 6520 | No rake
Board: [3c Qd 9c 4d 7c]
Seat 6: lharmonya (small blind) showed [Js Ac] and lost with High card : Ace
Seat 9: manggy94 showed [Ad Kd] and won 6520 with High card : Ace


Winamax Poker - Tournament "Freeroll" buyIn: Free level: 1 - HandId: #541159200621854819-2-1439386459 - Holdem no limit (15/30) - 2015/08/12 13:34:19 UTC
Table: 'Freeroll(125998445)#098' 9-max (real money) Seat #6 is the button
Seat 1: XMALBX (3000)
Seat 2: pion51 (2760)
Seat 3: PUTAMEN (3000)
Seat 4: tioco1363 (3000)
Seat 5: Fightyou974 (2760)
Seat 6: ilenrestera1 (3060)
Seat 7: psycodye (2980)
Seat 8: senthome (2980)
Seat 9: manggy94 (6520)
*** ANTE/BLINDS ***
psycodye posts small blind 15
senthome posts big blind 30
Dealt to manggy94 [4h 5s]
*** PRE-FLOP *** 
manggy94 folds
XMALBX folds
pion51 calls 30
PUTAMEN folds
tioco1363 calls 30
Fightyou974 folds
psycodye folds
senthome checks
*** FLOP *** [9d Qd 9s]
senthome checks
pion51 checks
tioco1363 bets 30
senthome folds
pion51 folds
tioco1363 collected 135 from pot
*** SUMMARY ***
Total pot 135 | No rake
Board: [9d Qd 9s]
Seat 4: tioco1363 won 135


Winamax Poker - Tournament "Freeroll" buyIn: Free level: 1 - HandId: #541159200621854830-3-1439386516 - Holdem no limit (15/30) - 2015/08/12 13:35:16 UTC
Table: 'Freeroll(125998445)#109' 9-max (real money) Seat #8 is the button
Seat 1: didou40110 (2960)
Seat 2: 34kikou34 (3000)
Seat 3: Wazem13 (3090)
Seat 4: Survivor (2970)
Seat 5: LEMAK74 (2930)
Seat 6: Mxkme (3135)
Seat 7: K-l-K (2980)
Seat 8: manggy94 (6520)
Seat 9: Pacman05 (2960)
*** ANTE/BLINDS ***
Pacman05 posts small blind 15
didou40110 posts big blind 30
*** PRE-FLOP *** 
34kikou34 folds
Wazem13 calls 30
Survivor folds
LEMAK74 folds
Mxkme folds
K-l-K raises 2950 to 2980 and is all-in
Pacman05 folds
didou40110 folds
Wazem13 calls 2950
*** FLOP *** [4c Qd 3c]
*** TURN *** [4c Qd 3c][6s]
*** RIVER *** [4c Qd 3c 6s][8c]
*** SHOW DOWN ***
Wazem13 shows [Kd 7h] (High card : King)
K-l-K shows [Qc Ac] (Flush Ace high)
K-l-K collected 6005 from pot
*** SUMMARY ***
Total pot 6005 | No rake
Board: [4c Qd 3c 6s 8c]
Seat 3: Wazem13 showed [Kd 7h] and lost with High card : King
Seat 7: K-l-K showed [Qc Ac] and won 6005 with Flush Ace high


Winamax Poker - Tournament "Freeroll" buyIn: Free level: 1 - HandId: #541159200621854830-4-1439386544 - Holdem no limit (15/30) - 2015/08/12 13:35:44 UTC
Table: 'Freeroll(125998445)#109' 9-max (real money) Seat #9 is the button
Seat 1: didou40110 (2930)
Seat 2: 34kikou34 (3000)
Seat 3: Wazem13 (110)
Seat 4: Survivor (2970)
Seat 5: LEMAK74 (2930)
Seat 6: Mxkme (3135)
Seat 7: KASSBURN49 (3000)
Seat 8: manggy94 (6520)
Seat 9: Pacman05 (2945)
*** ANTE/BLINDS ***
didou40110 posts small blind 15
34kikou34 posts big blind 30
Dealt to manggy94 [3c 2s]
*** PRE-FLOP *** 
Wazem13 raises 80 to 110 and is all-in
Survivor folds
LEMAK74 raises 80 to 190
Mxkme folds
KASSBURN49 folds
manggy94 folds
Pacman05 folds
didou40110 folds
34kikou34 calls 160
*** FLOP *** [5d 8c 4d]
34kikou34 bets 120
LEMAK74 calls 120
*** TURN *** [5d 8c 4d][As]
34kikou34 checks
LEMAK74 checks
*** RIVER *** [5d 8c 4d As][9c]
34kikou34 bets 559
LEMAK74 calls 559
*** SHOW DOWN ***
Wazem13 shows [2h 6c] (High card : Ace)
LEMAK74 shows [6h 8h] (One pair : 8)
34kikou34 shows [Ac Ts] (One pair : Aces)
34kikou34 collected 1863 from pot
*** SUMMARY ***
Total pot 1863 | No rake
Board: [5d 8c 4d As 9c]
Seat 2: 34kikou34 (big blind) showed [Ac Ts] and won 1863 with One pair : Aces
Seat 3: Wazem13 showed [2h 6c] and lost with High card : Ace
Seat 5: LEMAK74 showed [6h 8h] and lost with One pair : 8


Winamax Poker - Tournament "Freeroll" buyIn: Free level: 2 - HandId: #541159200621854830-5-1439386606 - Holdem no limit (20/40) - 2015/08/12 13:36:46 UTC
Table: 'Freeroll(125998445)#109' 9-max (real money) Seat #1 is the button
Seat 1: didou40110 (2915)
Seat 2: 34kikou34 (3994)
Seat 3: psycologique (3000)
Seat 4: Survivor (2970)
Seat 5: LEMAK74 (2061)
Seat 6: Mxkme (3135)
Seat 7: KASSBURN49 (3000)
Seat 8: manggy94 (6520)
Seat 9: Pacman05 (2945)
*** ANTE/BLINDS ***
34kikou34 posts small blind 20
psycologique posts big blind 40
Dealt to manggy94 [6s Ts]
*** PRE-FLOP *** 
Survivor folds
LEMAK74 raises 160 to 200
Mxkme calls 200
KASSBURN49 folds
manggy94 folds
Pacman05 folds
didou40110 folds
34kikou34 folds
psycologique folds
*** FLOP *** [2s 3d 4d]
LEMAK74 bets 230
Mxkme calls 230
*** TURN *** [2s 3d 4d][5h]
LEMAK74 bets 460
Mxkme calls 460
*** RIVER *** [2s 3d 4d 5h][Js]
LEMAK74 bets 920
Mxkme calls 920
*** SHOW DOWN ***
Mxkme shows [Jd Th] (One pair : Jacks)
LEMAK74 shows [Ah Ad] (Straight 5 high)
LEMAK74 collected 3680 from pot
*** SUMMARY ***
Total pot 3680 | No rake
Board: [2s 3d 4d 5h Js]
Seat 5: LEMAK74 showed [Ah Ad] and won 3680 with Straight 5 high
Seat 6: Mxkme showed [Jd Th] and lost with One pair : Jacks


Winamax Poker - Tournament "Freeroll" buyIn: Free level: 2 - HandId: #541159200621854830-6-1439386656 - Holdem no limit (20/40) - 2015/08/12 13:37:36 UTC
Table: 'Freeroll(125998445)#109' 9-max (real money) Seat #2 is the button
Seat 1: didou40110 (2915)
Seat 2: 34kikou34 (3974)
Seat 3: psycologique (2960)
Seat 4: Survivor (2970)
Seat 5: LEMAK74 (3931)
Seat 6: Mxkme (1325)
Seat 7: F16-AA (3000)
Seat 8: manggy94 (6520)
Seat 9: Pacman05 (2945)
*** ANTE/BLINDS ***
psycologique posts small blind 20
Survivor posts big blind 40
Dealt to manggy94 [9s Th]
*** PRE-FLOP *** 
LEMAK74 raises 40 to 80
Mxkme raises 1245 to 1325 and is all-in
F16-AA raises 1675 to 3000 and is all-in
manggy94 folds
Pacman05 folds
didou40110 calls 2915 and is all-in
34kikou34 folds
psycologique folds
Survivor folds
LEMAK74 calls 2920
*** FLOP *** [Kh 5d 4d]
*** TURN *** [Kh 5d 4d][3h]
*** RIVER *** [Kh 5d 4d 3h][Qs]
*** SHOW DOWN ***
didou40110 shows [7h 8h] (High card : King)
Mxkme shows [5s 6d] (One pair : 5)
F16-AA shows [Qd As] (One pair : Queens)
LEMAK74 shows [Td Ks] (One pair : Kings)
LEMAK74 collected 10300 from pot
*** SUMMARY ***
Total pot 10300 | No rake
Board: [Kh 5d 4d 3h Qs]
Seat 1: didou40110 showed [7h 8h] and lost with High card : King
Seat 5: LEMAK74 showed [Td Ks] and won 10300 with One pair : Kings
Seat 6: Mxkme showed [5s 6d] and lost with One pair : 5
Seat 7: F16-AA showed [Qd As] and lost with One pair : Queens


Winamax Poker - Tournament "Freeroll" buyIn: Free level: 2 - HandId: #541159200621854830-7-1439386732 - Holdem no limit (20/40) - 2015/08/12 13:38:52 UTC
Table: 'Freeroll(125998445)#109' 9-max (real money) Seat #3 is the button
Seat 1: Filippo31 (3000)
Seat 2: 34kikou34 (3974)
Seat 3: psycologique (2940)
Seat 4: Survivor (2930)
Seat 5: LEMAK74 (11231)
Seat 6: pinok33260 (3000)
Seat 7: davstreemer (2990)
Seat 8: manggy94 (6520)
Seat 9: Pacman05 (2945)
*** ANTE/BLINDS ***
Survivor posts small blind 20
LEMAK74 posts big blind 40
Dealt to manggy94 [2c 7h]
*** PRE-FLOP *** 
pinok33260 raises 2960 to 3000 and is all-in
davstreemer folds
manggy94 folds
Pacman05 folds
Filippo31 folds
34kikou34 folds
psycologique folds
Survivor folds
LEMAK74 calls 2960
*** FLOP *** [Qd 8d 3c]
*** TURN *** [Qd 8d 3c][Qs]
*** RIVER *** [Qd 8d 3c Qs][6h]
*** SHOW DOWN ***
pinok33260 shows [Kd 9d] (One pair : Queens)
LEMAK74 shows [As Kc] (One pair : Queens)
LEMAK74 collected 6020 from pot
*** SUMMARY ***
Total pot 6020 | No rake
Board: [Qd 8d 3c Qs 6h]
Seat 5: LEMAK74 (big blind) showed [As Kc] and won 6020 with One pair : Queens
Seat 6: pinok33260 showed [Kd 9d] and lost with One pair : Queens


Winamax Poker - Tournament "Freeroll" buyIn: Free level: 3 - HandId: #541159200621854830-8-1439386793 - Holdem no limit (30/60) - 2015/08/12 13:39:53 UTC
Table: 'Freeroll(125998445)#109' 9-max (real money) Seat #4 is the button
Seat 1: Filippo31 (3000)
Seat 2: 34kikou34 (3974)
Seat 3: psycologique (2940)
Seat 4: Survivor (2910)
Seat 5: LEMAK74 (14251)
Seat 6: NATALEX83 (3000)
Seat 7: davstreemer (2990)
Seat 8: manggy94 (6520)
Seat 9: Pacman05 (2945)
*** ANTE/BLINDS ***
LEMAK74 posts small blind 30
NATALEX83 posts big blind 60
Dealt to manggy94 [4h Jc]
*** PRE-FLOP *** 
davstreemer folds
manggy94 folds
Pacman05 folds
Filippo31 calls 60
34kikou34 calls 60
psycologique folds
Survivor folds
LEMAK74 calls 30
NATALEX83 checks
*** FLOP *** [3h 4c Td]
LEMAK74 bets 60
NATALEX83 calls 60
Filippo31 calls 60
34kikou34 calls 60
*** TURN *** [3h 4c Td][7s]
LEMAK74 bets 480
NATALEX83 folds
Filippo31 folds
34kikou34 calls 480
*** RIVER *** [3h 4c Td 7s][9d]
LEMAK74 bets 960
34kikou34 folds
LEMAK74 collected 2400 from pot
*** SUMMARY ***
Total pot 2400 | No rake
Board: [3h 4c Td 7s 9d]
Seat 5: LEMAK74 (small blind) won 2400


Winamax Poker - Tournament "Freeroll" buyIn: Free level: 3 - HandId: #541159200621854830-9-1439386903 - Holdem no limit (30/60) - 2015/08/12 13:41:43 UTC
Table: 'Freeroll(125998445)#109' 9-max (real money) Seat #5 is the button
Seat 1: Filippo31 (2880)
Seat 2: 34kikou34 (3374)
Seat 3: psycologique (2940)
Seat 4: Survivor (2910)
Seat 5: LEMAK74 (15091)
Seat 6: diegodiego69 (6395)
Seat 7: davstreemer (2990)
Seat 8: manggy94 (6520)
Seat 9: Pacman05 (2945)
*** ANTE/BLINDS ***
davstreemer posts big blind 60
Dealt to manggy94 [8d Qh]
*** PRE-FLOP *** 
manggy94 folds
Pacman05 folds
Filippo31 folds
34kikou34 folds
psycologique calls 60
Survivor folds
LEMAK74 calls 60
davstreemer checks
*** FLOP *** [8c 2s Ts]
davstreemer checks
psycologique bets 120
LEMAK74 calls 120
davstreemer calls 120
*** TURN *** [8c 2s Ts][Qs]
davstreemer checks
psycologique bets 270
LEMAK74 calls 270
davstreemer folds
*** RIVER *** [8c 2s Ts Qs][As]
psycologique bets 540
LEMAK74 calls 540
*** SHOW DOWN ***
psycologique shows [2c Ad] (Two pairs : Aces and 2)
LEMAK74 shows [2h Ac] (Two pairs : Aces and 2)
LEMAK74 collected 1080 from pot
psycologique collected 1080 from pot
*** SUMMARY ***
Total pot 2160 | No rake
Board: [8c 2s Ts Qs As]
Seat 3: psycologique showed [2c Ad] and won 1080 with Two pairs : Aces and 2
Seat 5: LEMAK74 (button) showed [2h Ac] and won 1080 with Two pairs : Aces and 2


Winamax Poker - Tournament "Freeroll" buyIn: Free level: 4 - HandId: #541159200621854830-10-1439386984 - Holdem no limit (40/80) - 2015/08/12 13:43:04 UTC
Table: 'Freeroll(125998445)#109' 9-max (real money) Seat #6 is the button
Seat 1: Filippo31 (2880)
Seat 2: 34kikou34 (3374)
Seat 3: psycologique (3030)
Seat 4: Survivor (2910)
Seat 5: Dom4l3ack. (2850)
Seat 6: diegodiego69 (6395)
Seat 7: davstreemer (2810)
Seat 8: manggy94 (6520)
Seat 9: Pacman05 (2945)
*** ANTE/BLINDS ***
davstreemer posts small blind 40
manggy94 posts big blind 80
Dealt to manggy94 [6c 8d]
*** PRE-FLOP *** 
Pacman05 folds
Filippo31 calls 80
34kikou34 calls 80
psycologique calls 80
Survivor folds
davstreemer folds
manggy94 checks
*** FLOP *** [8s Qc Td]
manggy94 checks
Filippo31 checks
34kikou34 checks
psycologique bets 360
manggy94 folds
Filippo31 folds
34kikou34 folds
psycologique shows [6d Qd] (One pair : Queens)
psycologique collected 720 from pot
*** SUMMARY ***
Total pot 720 | No rake
Board: [8s Qc Td]
Seat 3: psycologique showed [6d Qd] and won 720 with One pair : Queens


Winamax Poker - Tournament "Freeroll" buyIn: Free level: 4 - HandId: #541159200621854830-11-1439387055 - Holdem no limit (40/80) - 2015/08/12 13:44:15 UTC
Table: 'Freeroll(125998445)#109' 9-max (real money) Seat #7 is the button
Seat 1: Filippo31 (2800)
Seat 2: 34kikou34 (3294)
Seat 3: psycologique (3310)
Seat 4: gladiateur83 (255)
Seat 5: Dom4l3ack. (2850)
Seat 6: diegodiego69 (6395)
Seat 7: davstreemer (2770)
Seat 8: manggy94 (6440)
Seat 9: Pacman05 (2945)
*** ANTE/BLINDS ***
manggy94 posts small blind 40
Pacman05 posts big blind 80
Dealt to manggy94 [8d Qs]
*** PRE-FLOP *** 
Filippo31 folds
34kikou34 calls 80
psycologique folds
gladiateur83 raises 175 to 255 and is all-in
Dom4l3ack. folds
diegodiego69 calls 255
davstreemer folds
manggy94 folds
Pacman05 folds
34kikou34 calls 175
*** FLOP *** [2s 4s 5d]
34kikou34 bets 80
diegodiego69 raises 960 to 1040
34kikou34 folds
*** TURN *** [2s 4s 5d][7s]
*** RIVER *** [2s 4s 5d 7s][6d]
*** SHOW DOWN ***
gladiateur83 shows [Jh Ah] (High card : Ace)
diegodiego69 shows [5s 4h] (Two pairs : 5 and 4)
diegodiego69 collected 2005 from pot
*** SUMMARY ***
Total pot 2005 | No rake
Board: [2s 4s 5d 7s 6d]
Seat 4: gladiateur83 showed [Jh Ah] and lost with High card : Ace
Seat 6: diegodiego69 showed [5s 4h] and won 2005 with Two pairs : 5 and 4


Winamax Poker - Tournament "Freeroll" buyIn: Free level: 5 - HandId: #541159200621854830-12-1439387133 - Holdem no limit (60/120) - 2015/08/12 13:45:33 UTC
Table: 'Freeroll(125998445)#109' 9-max (real money) Seat #8 is the button
Seat 1: Filippo31 (2800)
Seat 2: 34kikou34 (2959)
Seat 3: psycologique (3310)
Seat 4: Sangoku.shu (3000)
Seat 5: Dom4l3ack. (2850)
Seat 6: diegodiego69 (7105)
Seat 7: davstreemer (2770)
Seat 8: manggy94 (6400)
Seat 9: Pacman05 (2865)
*** ANTE/BLINDS ***
Pacman05 posts small blind 60
Filippo31 posts big blind 120
Dealt to manggy94 [7h 9h]
*** PRE-FLOP *** 
34kikou34 calls 120
psycologique raises 240 to 360
Sangoku.shu calls 360
Dom4l3ack. folds
diegodiego69 calls 360
davstreemer folds
manggy94 calls 360
Pacman05 folds
Filippo31 folds
34kikou34 calls 240
*** FLOP *** [5h 3c 9s]
34kikou34 checks
psycologique bets 1980
Sangoku.shu calls 1980
diegodiego69 folds
manggy94 calls 1980
34kikou34 folds
*** TURN *** [5h 3c 9s][6s]
psycologique bets 970 and is all-in
Sangoku.shu calls 660 and is all-in
manggy94 calls 970
*** RIVER *** [5h 3c 9s 6s][8h]
*** SHOW DOWN ***
psycologique shows [Js Kc] (High card : King)
Sangoku.shu shows [8c 9c] (Two pairs : 9 and 8)
manggy94 shows [7h 9h] (Straight 9 high)
manggy94 collected 10520 from pot
*** SUMMARY ***
Total pot 10520 | No rake
Board: [5h 3c 9s 6s 8h]
Seat 3: psycologique showed [Js Kc] and lost with High card : King
Seat 4: Sangoku.shu showed [8c 9c] and lost with Two pairs : 9 and 8
Seat 8: manggy94 (button) showed [7h 9h] and won 10520 with Straight 9 high


Winamax Poker - Tournament "Freeroll" buyIn: Free level: 5 - HandId: #541159200621854830-13-1439387238 - Holdem no limit (60/120) - 2015/08/12 13:47:18 UTC
Table: 'Freeroll(125998445)#109' 9-max (real money) Seat #9 is the button
Seat 1: Filippo31 (2680)
Seat 2: 34kikou34 (2599)
Seat 3: Catrider83 (2770)
Seat 4: Mimimour (2800)
Seat 5: Dom4l3ack. (2850)
Seat 6: diegodiego69 (6745)
Seat 7: davstreemer (2770)
Seat 8: manggy94 (13610)
Seat 9: Pacman05 (2805)
*** ANTE/BLINDS ***
Filippo31 posts small blind 60
34kikou34 posts big blind 120
Dealt to manggy94 [6d 3h]
*** PRE-FLOP *** 
Catrider83 folds
Mimimour folds
Dom4l3ack. folds
diegodiego69 folds
davstreemer raises 120 to 240
manggy94 folds
Pacman05 folds
Filippo31 calls 180
34kikou34 folds
*** FLOP *** [Ts Tc 7c]
Filippo31 checks
davstreemer checks
*** TURN *** [Ts Tc 7c][3c]
Filippo31 checks
davstreemer checks
*** RIVER *** [Ts Tc 7c 3c][9h]
Filippo31 checks
davstreemer checks
*** SHOW DOWN ***
Filippo31 shows [8s 2s] (One pair : Tens)
davstreemer shows [Ad 4d] (One pair : Tens)
davstreemer collected 600 from pot
*** SUMMARY ***
Total pot 600 | No rake
Board: [Ts Tc 7c 3c 9h]
Seat 1: Filippo31 (small blind) showed [8s 2s] and lost with One pair : Tens
Seat 7: davstreemer showed [Ad 4d] and won 600 with One pair : Tens


Winamax Poker - Tournament "Freeroll" buyIn: Free level: 6 - HandId: #541159200621854830-14-1439387336 - Holdem no limit (10/60/120) - 2015/08/12 13:48:56 UTC
Table: 'Freeroll(125998445)#109' 9-max (real money) Seat #1 is the button
Seat 1: Filippo31 (2440)
Seat 2: Lokaluna (3260)
Seat 3: Catrider83 (2770)
Seat 4: Mimimour (2800)
Seat 5: Dom4l3ack. (2850)
Seat 6: diegodiego69 (6745)
Seat 7: davstreemer (3130)
Seat 8: manggy94 (13610)
Seat 9: Pacman05 (2805)
*** ANTE/BLINDS ***
Catrider83 posts ante 10
Filippo31 posts ante 10
Mimimour posts ante 10
Dom4l3ack. posts ante 10
diegodiego69 posts ante 10
davstreemer posts ante 10
manggy94 posts ante 10
Pacman05 posts ante 10
Catrider83 posts big blind 120
Dealt to manggy94 [Qd 3c]
*** PRE-FLOP *** 
Mimimour folds
Dom4l3ack. folds
diegodiego69 folds
davstreemer folds
manggy94 folds
Pacman05 folds
Filippo31 raises 120 to 240
Catrider83 folds
Filippo31 collected 440 from pot
*** SUMMARY ***
Total pot 440 | No rake
Seat 1: Filippo31 (button) won 440


Winamax Poker - Tournament "Freeroll" buyIn: Free level: 6 - HandId: #541159200621854830-15-1439387378 - Holdem no limit (10/60/120) - 2015/08/12 13:49:38 UTC
Table: 'Freeroll(125998445)#109' 9-max (real money) Seat #2 is the button
Seat 1: Filippo31 (2630)
Seat 2: Guichig (2160)
Seat 3: Catrider83 (2640)
Seat 4: Mimimour (2790)
Seat 5: Dom4l3ack. (2840)
Seat 6: diegodiego69 (6735)
Seat 7: davstreemer (3120)
Seat 8: manggy94 (13600)
Seat 9: Pacman05 (2795)
*** ANTE/BLINDS ***
Catrider83 posts ante 10
Mimimour posts ante 10
Filippo31 posts ante 10
Dom4l3ack. posts ante 10
diegodiego69 posts ante 10
davstreemer posts ante 10
manggy94 posts ante 10
Pacman05 posts ante 10
Catrider83 posts small blind 60
Mimimour posts big blind 120
Dealt to manggy94 [Ks 4h]
*** PRE-FLOP *** 
Dom4l3ack. raises 480 to 600
diegodiego69 folds
davstreemer folds
manggy94 calls 600
Pacman05 folds
Filippo31 folds
Catrider83 folds
Mimimour folds
*** FLOP *** [Qc 2s 8s]
Dom4l3ack. checks
manggy94 bets 1460
Dom4l3ack. raises 770 to 2230 and is all-in
manggy94 calls 770
*** TURN *** [Qc 2s 8s][Ad]
*** RIVER *** [Qc 2s 8s Ad][5s]
*** SHOW DOWN ***
manggy94 shows [Ks 4h] (High card : Ace)
Dom4l3ack. shows [Tc Ts] (One pair : Tens)
Dom4l3ack. collected 5920 from pot
*** SUMMARY ***
Total pot 5920 | No rake
Board: [Qc 2s 8s Ad 5s]
Seat 5: Dom4l3ack. showed [Tc Ts] and won 5920 with One pair : Tens
Seat 8: manggy94 showed [Ks 4h] and lost with High card : Ace


Winamax Poker - Tournament "Freeroll" buyIn: Free level: 6 - HandId: #541159200621854830-16-1439387442 - Holdem no limit (10/60/120) - 2015/08/12 13:50:42 UTC
Table: 'Freeroll(125998445)#109' 9-max (real money) Seat #3 is the button
Seat 1: Filippo31 (2620)
Seat 2: totof062 (2900)
Seat 3: Catrider83 (2570)
Seat 4: Mimimour (2660)
Seat 5: Dom4l3ack. (5920)
Seat 6: diegodiego69 (6725)
Seat 7: davstreemer (3110)
Seat 8: manggy94 (10760)
Seat 9: Pacman05 (2785)
*** ANTE/BLINDS ***
Mimimour posts ante 10
Dom4l3ack. posts ante 10
Filippo31 posts ante 10
totof062 posts ante 10
Catrider83 posts ante 10
diegodiego69 posts ante 10
davstreemer posts ante 10
manggy94 posts ante 10
Pacman05 posts ante 10
Mimimour posts small blind 60
Dom4l3ack. posts big blind 120
Dealt to manggy94 [Jd 9d]
*** PRE-FLOP *** 
diegodiego69 raises 120 to 240
davstreemer folds
manggy94 calls 240
Pacman05 folds
Filippo31 calls 240
totof062 folds
Catrider83 folds
Mimimour folds
Dom4l3ack. calls 120
*** FLOP *** [Qs As 2s]
Dom4l3ack. checks
diegodiego69 bets 420
manggy94 calls 420
Filippo31 folds
Dom4l3ack. folds
*** TURN *** [Qs As 2s][Ah]
diegodiego69 bets 660
manggy94 folds
diegodiego69 collected 2610 from pot
*** SUMMARY ***
Total pot 2610 | No rake
Board: [Qs As 2s Ah]
Seat 6: diegodiego69 won 2610


Winamax Poker - Tournament "Freeroll" buyIn: Free level: 7 - HandId: #541159200621854830-17-1439387536 - Holdem no limit (15/75/150) - 2015/08/12 13:52:16 UTC
Table: 'Freeroll(125998445)#109' 9-max (real money) Seat #4 is the button
Seat 1: Filippo31 (2370)
Seat 2: KEKOV (3375)
Seat 3: Catrider83 (2560)
Seat 4: Mimimour (2590)
Seat 5: Dom4l3ack. (5670)
Seat 6: diegodiego69 (8005)
Seat 7: davstreemer (3100)
Seat 8: manggy94 (10090)
Seat 9: Pacman05 (2775)
*** ANTE/BLINDS ***
Dom4l3ack. posts ante 15
diegodiego69 posts ante 15
Filippo31 posts ante 15
KEKOV posts ante 15
Catrider83 posts ante 15
Mimimour posts ante 15
davstreemer posts ante 15
manggy94 posts ante 15
Pacman05 posts ante 15
Dom4l3ack. posts small blind 75
diegodiego69 posts big blind 150
Dealt to manggy94 [2c 6c]
*** PRE-FLOP *** 
davstreemer folds
manggy94 folds
Pacman05 folds
Filippo31 calls 150
KEKOV calls 150
Catrider83 folds
Mimimour folds
Dom4l3ack. folds
diegodiego69 checks
*** FLOP *** [3d 2s Kc]
diegodiego69 bets 150
Filippo31 folds
KEKOV calls 150
*** TURN *** [3d 2s Kc][Ad]
diegodiego69 bets 640
KEKOV folds
diegodiego69 collected 1600 from pot
*** SUMMARY ***
Total pot 1600 | No rake
Board: [3d 2s Kc Ad]
Seat 6: diegodiego69 (big blind) won 1600


Winamax Poker - Tournament "Freeroll" buyIn: Free level: 7 - HandId: #541159200621854830-18-1439387593 - Holdem no limit (15/75/150) - 2015/08/12 13:53:13 UTC
Table: 'Freeroll(125998445)#109' 9-max (real money) Seat #5 is the button
Seat 1: Filippo31 (2205)
Seat 2: KEKOV (3060)
Seat 3: Catrider83 (2545)
Seat 4: Mimimour (2575)
Seat 5: Welmar (2990)
Seat 6: diegodiego69 (8650)
Seat 7: davstreemer (3085)
Seat 8: manggy94 (10075)
Seat 9: Pacman05 (2760)
*** ANTE/BLINDS ***
diegodiego69 posts ante 15
davstreemer posts ante 15
Filippo31 posts ante 15
KEKOV posts ante 15
Catrider83 posts ante 15
Mimimour posts ante 15
manggy94 posts ante 15
Pacman05 posts ante 15
diegodiego69 posts small blind 75
davstreemer posts big blind 150
Dealt to manggy94 [5s Kc]
*** PRE-FLOP *** 
manggy94 calls 150
Pacman05 folds
Filippo31 calls 150
KEKOV folds
Catrider83 folds
Mimimour folds
diegodiego69 raises 5175 to 5325
davstreemer folds
manggy94 folds
Filippo31 calls 2040 and is all-in
*** FLOP *** [4d 8h Qd]
*** TURN *** [4d 8h Qd][6d]
*** RIVER *** [4d 8h Qd 6d][3c]
*** SHOW DOWN ***
Filippo31 shows [Js Ts] (High card : Queen)
diegodiego69 shows [8c Ah] (One pair : 8)
diegodiego69 collected 7935 from pot
*** SUMMARY ***
Total pot 7935 | No rake
Board: [4d 8h Qd 6d 3c]
Seat 1: Filippo31 showed [Js Ts] and lost with High card : Queen
Seat 6: diegodiego69 (small blind) showed [8c Ah] and won 7935 with One pair : 8


Winamax Poker - Tournament "Freeroll" buyIn: Free level: 7 - HandId: #541159200621854830-19-1439387665 - Holdem no limit (20/100/200) - 2015/08/12 13:54:25 UTC
Table: 'Freeroll(125998445)#109' 9-max (real money) Seat #6 is the button
Seat 1: bleue-sky84 (2825)
Seat 2: KEKOV (3045)
Seat 3: Catrider83 (2530)
Seat 4: Mimimour (2560)
Seat 5: Welmar (2990)
Seat 6: diegodiego69 (11245)
Seat 7: davstreemer (2920)
Seat 8: manggy94 (9910)
Seat 9: Pacman05 (2745)
*** ANTE/BLINDS ***
davstreemer posts ante 20
manggy94 posts ante 20
bleue-sky84 posts ante 20
KEKOV posts ante 20
Catrider83 posts ante 20
Mimimour posts ante 20
Welmar posts ante 20
diegodiego69 posts ante 20
Pacman05 posts ante 20
davstreemer posts small blind 100
manggy94 posts big blind 200
Dealt to manggy94 [2h 5s]
*** PRE-FLOP *** 
Pacman05 folds
bleue-sky84 folds
KEKOV folds
Catrider83 folds
Mimimour folds
Welmar calls 200
diegodiego69 calls 200
davstreemer calls 100
manggy94 checks
*** FLOP *** [4d 6s Qh]
davstreemer checks
manggy94 checks
Welmar bets 200
diegodiego69 folds
davstreemer calls 200
manggy94 folds
*** TURN *** [4d 6s Qh][8d]
davstreemer checks
Welmar bets 200
davstreemer folds
Welmar collected 1580 from pot
*** SUMMARY ***
Total pot 1580 | No rake
Board: [4d 6s Qh 8d]
Seat 5: Welmar won 1580


Winamax Poker - Tournament "Freeroll" buyIn: Free level: 8 - HandId: #541159200621854830-20-1439388003 - Holdem no limit (20/100/200) - 2015/08/12 14:00:03 UTC
Table: 'Freeroll(125998445)#109' 9-max (real money) Seat #7 is the button
Seat 1: bleue-sky84 (2805)
Seat 2: KEKOV (3025)
Seat 3: Catrider83 (2510)
Seat 4: Mimimour (2540)
Seat 5: Welmar (3950)
Seat 6: diegodiego69 (11025)
Seat 7: davstreemer (2500)
Seat 8: manggy94 (9690)
Seat 9: Pacman05 (2725)
*** ANTE/BLINDS ***
manggy94 posts ante 20
Pacman05 posts ante 20
bleue-sky84 posts ante 20
KEKOV posts ante 20
Catrider83 posts ante 20
Mimimour posts ante 20
Welmar posts ante 20
diegodiego69 posts ante 20
davstreemer posts ante 20
manggy94 posts small blind 100
Pacman05 posts big blind 200
Dealt to manggy94 [3h Jd]
*** PRE-FLOP *** 
bleue-sky84 folds
KEKOV calls 200
Catrider83 folds
Mimimour folds
Welmar calls 200
diegodiego69 raises 10805 to 11005 and is all-in
davstreemer folds
manggy94 folds
Pacman05 folds
KEKOV folds
Welmar calls 3730 and is all-in
*** FLOP *** [Js Td 6c]
*** TURN *** [Js Td 6c][7s]
*** RIVER *** [Js Td 6c 7s][8d]
*** SHOW DOWN ***
Welmar shows [As 8c] (One pair : 8)
diegodiego69 shows [8h Ac] (One pair : 8)
diegodiego69 collected 11345 from side pot 1
Welmar collected 4270 from main pot
*** SUMMARY ***
Total pot 15615 | No rake
Board: [Js Td 6c 7s 8d]
Seat 5: Welmar showed [As 8c] and won 4270 with One pair : 8
Seat 6: diegodiego69 showed [8h Ac] and won 11345 with One pair : 8


Winamax Poker - Tournament "Freeroll" buyIn: Free level: 8 - HandId: #541159200621854830-21-1439388130 - Holdem no limit (20/100/200) - 2015/08/12 14:02:10 UTC
Table: 'Freeroll(125998445)#109' 9-max (real money) Seat #8 is the button
Seat 1: bleue-sky84 (2785)
Seat 2: KEKOV (2805)
Seat 3: Catrider83 (2490)
Seat 4: Mimimour (2520)
Seat 5: Welmar (4270)
Seat 6: diegodiego69 (11345)
Seat 7: davstreemer (2480)
Seat 8: manggy94 (9570)
Seat 9: Pacman05 (2505)
*** ANTE/BLINDS ***
Pacman05 posts ante 20
bleue-sky84 posts ante 20
KEKOV posts ante 20
Catrider83 posts ante 20
Mimimour posts ante 20
Welmar posts ante 20
diegodiego69 posts ante 20
davstreemer posts ante 20
manggy94 posts ante 20
Pacman05 posts small blind 100
bleue-sky84 posts big blind 200
Dealt to manggy94 [5s 2h]
*** PRE-FLOP *** 
KEKOV calls 200
Catrider83 folds
Mimimour folds
Welmar folds
diegodiego69 folds
davstreemer folds
manggy94 folds
Pacman05 folds
bleue-sky84 folds
KEKOV collected 680 from pot
*** SUMMARY ***
Total pot 680 | No rake
Seat 2: KEKOV won 680


Winamax Poker - Tournament "Freeroll" buyIn: Free level: 9 - HandId: #541159200621854830-22-1439388183 - Holdem no limit (25/125/250) - 2015/08/12 14:03:03 UTC
Table: 'Freeroll(125998445)#109' 9-max (real money) Seat #9 is the button
Seat 1: bleue-sky84 (2565)
Seat 2: KEKOV (3265)
Seat 3: Catrider83 (2470)
Seat 4: Mimimour (2500)
Seat 5: Welmar (4250)
Seat 6: diegodiego69 (11325)
Seat 7: davstreemer (2460)
Seat 8: manggy94 (9550)
Seat 9: Pacman05 (2385)
*** ANTE/BLINDS ***
bleue-sky84 posts ante 25
KEKOV posts ante 25
Catrider83 posts ante 25
Mimimour posts ante 25
Welmar posts ante 25
diegodiego69 posts ante 25
davstreemer posts ante 25
manggy94 posts ante 25
Pacman05 posts ante 25
bleue-sky84 posts small blind 125
KEKOV posts big blind 250
Dealt to manggy94 [Qd Ah]
*** PRE-FLOP *** 
Catrider83 folds
Mimimour raises 2225 to 2475 and is all-in
Welmar folds
diegodiego69 calls 2475
davstreemer folds
manggy94 calls 2475
Pacman05 folds
bleue-sky84 folds
KEKOV folds
*** FLOP *** [5h Ac Qc]
diegodiego69 checks
manggy94 bets 7050 and is all-in
diegodiego69 raises 1775 to 8825 and is all-in
*** TURN *** [5h Ac Qc][Th]
*** RIVER *** [5h Ac Qc Th][7h]
*** SHOW DOWN ***
Mimimour shows [Jh Jd] (One pair : Jacks)
manggy94 shows [Qd Ah] (Two pairs : Aces and Queens)
diegodiego69 shows [As Kh] (One pair : Aces)
diegodiego69 collected 1775 from side pot 1
manggy94 collected 22125 from main pot
*** SUMMARY ***
Total pot 23900 | No rake
Board: [5h Ac Qc Th 7h]
Seat 4: Mimimour showed [Jh Jd] and lost with One pair : Jacks
Seat 6: diegodiego69 showed [As Kh] and won 1775 with One pair : Aces
Seat 8: manggy94 showed [Qd Ah] and won 22125 with Two pairs : Aces and Queens


Winamax Poker - Tournament "Freeroll" buyIn: Free level: 9 - HandId: #541159200621854830-23-1439388269 - Holdem no limit (25/125/250) - 2015/08/12 14:04:29 UTC
Table: 'Freeroll(125998445)#109' 9-max (real money) Seat #1 is the button
Seat 1: bleue-sky84 (2415)
Seat 2: KEKOV (2990)
Seat 3: Catrider83 (2445)
Seat 4: MOAH30 (7608)
Seat 5: Welmar (4225)
Seat 6: diegodiego69 (1775)
Seat 7: davstreemer (2435)
Seat 8: manggy94 (22125)
Seat 9: Pacman05 (2360)
*** ANTE/BLINDS ***
KEKOV posts ante 25
Catrider83 posts ante 25
bleue-sky84 posts ante 25
MOAH30 posts ante 25
Welmar posts ante 25
diegodiego69 posts ante 25
davstreemer posts ante 25
manggy94 posts ante 25
Pacman05 posts ante 25
KEKOV posts small blind 125
Catrider83 posts big blind 250
Dealt to manggy94 [Ks 7s]
*** PRE-FLOP *** 
MOAH30 folds
Welmar calls 250
diegodiego69 raises 1500 to 1750 and is all-in
davstreemer folds
manggy94 calls 1750
Pacman05 folds
bleue-sky84 calls 1750
KEKOV raises 1215 to 2965 and is all-in
Catrider83 folds
Welmar folds
manggy94 calls 1215
bleue-sky84 calls 640 and is all-in
*** FLOP *** [5s Kc Th]
*** TURN *** [5s Kc Th][Jh]
*** RIVER *** [5s Kc Th Jh][Kd]
*** SHOW DOWN ***
bleue-sky84 shows [9s 9d] (Two pairs : Kings and 9)
KEKOV shows [Js Ad] (Two pairs : Kings and Jacks)
diegodiego69 shows [Ah 2h] (One pair : Kings)
manggy94 shows [Ks 7s] (Trips of Kings)
manggy94 collected 10795 from pot
*** SUMMARY ***
Total pot 10795 | No rake
Board: [5s Kc Th Jh Kd]
Seat 1: bleue-sky84 (button) showed [9s 9d] and lost with Two pairs : Kings and 9
Seat 2: KEKOV (small blind) showed [Js Ad] and lost with Two pairs : Kings and Jacks
Seat 6: diegodiego69 showed [Ah 2h] and lost with One pair : Kings
Seat 8: manggy94 showed [Ks 7s] and won 10795 with Trips of Kings


Winamax Poker - Tournament "Freeroll" buyIn: Free level: 10 - HandId: #541159200621854830-24-1439388330 - Holdem no limit (35/150/300) - 2015/08/12 14:05:30 UTC
Table: 'Freeroll(125998445)#109' 9-max (real money) Seat #2 is the button
Seat 1: OOTMan66 (4296)
Seat 2: 777..28 (2685)
Seat 3: Catrider83 (2170)
Seat 4: MOAH30 (7583)
Seat 5: Welmar (3950)
Seat 7: davstreemer (2410)
Seat 8: manggy94 (29930)
Seat 9: Pacman05 (2335)
*** ANTE/BLINDS ***
Catrider83 posts ante 35
MOAH30 posts ante 35
Welmar posts ante 35
davstreemer posts ante 35
manggy94 posts ante 35
Pacman05 posts ante 35
Catrider83 posts small blind 150
MOAH30 posts big blind 300
Dealt to manggy94 [8h Jc]
*** PRE-FLOP *** 
Welmar calls 300
davstreemer folds
manggy94 calls 300
Pacman05 folds
Catrider83 folds
MOAH30 checks
*** FLOP *** [3h 9s 2d]
MOAH30 checks
Welmar bets 300
manggy94 calls 300
MOAH30 calls 300
*** TURN *** [3h 9s 2d][As]
MOAH30 checks
Welmar bets 300
manggy94 folds
MOAH30 folds
Welmar collected 2460 from pot
*** SUMMARY ***
Total pot 2460 | No rake
Board: [3h 9s 2d As]
Seat 5: Welmar won 2460


Winamax Poker - Tournament "Freeroll" buyIn: Free level: 10 - HandId: #541159200621854830-25-1439388382 - Holdem no limit (35/150/300) - 2015/08/12 14:06:22 UTC
Table: 'Freeroll(125998445)#109' 9-max (real money) Seat #3 is the button
Seat 1: OOTMan66 (4296)
Seat 2: 777..28 (2685)
Seat 3: Catrider83 (1985)
Seat 4: MOAH30 (6948)
Seat 5: Welmar (5475)
Seat 6: Qqnek (19710)
Seat 7: davstreemer (2375)
Seat 8: manggy94 (29295)
Seat 9: Pacman05 (2300)
*** ANTE/BLINDS ***
MOAH30 posts ante 35
Welmar posts ante 35
OOTMan66 posts ante 35
777..28 posts ante 35
Catrider83 posts ante 35
Qqnek posts ante 35
davstreemer posts ante 35
manggy94 posts ante 35
Pacman05 posts ante 35
MOAH30 posts small blind 150
Welmar posts big blind 300
Dealt to manggy94 [7c 5d]
*** PRE-FLOP *** 
Qqnek folds
davstreemer folds
manggy94 folds
Pacman05 folds
OOTMan66 folds
777..28 folds
Catrider83 folds
MOAH30 folds
Welmar collected 765 from pot
*** SUMMARY ***
Total pot 765 | No rake
Seat 5: Welmar (big blind) won 765


Winamax Poker - Tournament "Freeroll" buyIn: Free level: 10 - HandId: #541159200621854830-26-1439388394 - Holdem no limit (35/150/300) - 2015/08/12 14:06:34 UTC
Table: 'Freeroll(125998445)#109' 9-max (real money) Seat #4 is the button
Seat 1: OOTMan66 (4261)
Seat 2: 777..28 (2650)
Seat 3: Catrider83 (1950)
Seat 4: MOAH30 (6763)
Seat 5: Welmar (5905)
Seat 6: Qqnek (19675)
Seat 7: davstreemer (2340)
Seat 8: manggy94 (29260)
Seat 9: Pacman05 (2265)
*** ANTE/BLINDS ***
Welmar posts ante 35
Qqnek posts ante 35
OOTMan66 posts ante 35
777..28 posts ante 35
Catrider83 posts ante 35
MOAH30 posts ante 35
davstreemer posts ante 35
manggy94 posts ante 35
Pacman05 posts ante 35
Welmar posts small blind 150
Qqnek posts big blind 300
Dealt to manggy94 [7h 6h]
*** PRE-FLOP *** 
davstreemer folds
manggy94 calls 300
Pacman05 folds
OOTMan66 folds
777..28 folds
Catrider83 folds
MOAH30 calls 300
Welmar folds
Qqnek checks
*** FLOP *** [Jd 5c 7c]
Qqnek checks
manggy94 checks
MOAH30 bets 300
Qqnek folds
manggy94 calls 300
*** TURN *** [Jd 5c 7c][Jc]
manggy94 checks
MOAH30 checks
*** RIVER *** [Jd 5c 7c Jc][6s]
manggy94 bets 7950
MOAH30 folds
manggy94 collected 9915 from pot
*** SUMMARY ***
Total pot 9915 | No rake
Board: [Jd 5c 7c Jc 6s]
Seat 8: manggy94 won 9915


Winamax Poker - Tournament "Freeroll" buyIn: Free level: 10 - HandId: #541159200621854830-27-1439388490 - Holdem no limit (35/150/300) - 2015/08/12 14:08:10 UTC
Table: 'Freeroll(125998445)#109' 9-max (real money) Seat #5 is the button
Seat 1: OOTMan66 (4226)
Seat 2: 777..28 (2615)
Seat 3: Catrider83 (1915)
Seat 4: MOAH30 (6128)
Seat 5: Welmar (5720)
Seat 6: Qqnek (19340)
Seat 7: davstreemer (2305)
Seat 8: manggy94 (30590)
Seat 9: Pacman05 (2230)
*** ANTE/BLINDS ***
Qqnek posts ante 35
davstreemer posts ante 35
OOTMan66 posts ante 35
777..28 posts ante 35
Catrider83 posts ante 35
MOAH30 posts ante 35
Welmar posts ante 35
manggy94 posts ante 35
Pacman05 posts ante 35
Qqnek posts small blind 150
davstreemer posts big blind 300
Dealt to manggy94 [2c 7c]
*** PRE-FLOP *** 
manggy94 folds
Pacman05 folds
OOTMan66 raises 300 to 600
777..28 folds
Catrider83 folds
MOAH30 folds
Welmar folds
Qqnek folds
davstreemer calls 300
*** FLOP *** [2h 8s Ts]
davstreemer checks
OOTMan66 bets 1665
davstreemer folds
OOTMan66 collected 3330 from pot
*** SUMMARY ***
Total pot 3330 | No rake
Board: [2h 8s Ts]
Seat 1: OOTMan66 won 3330


Winamax Poker - Tournament "Freeroll" buyIn: Free level: 11 - HandId: #541159200621854830-28-1439388527 - Holdem no limit (40/200/400) - 2015/08/12 14:08:47 UTC
Table: 'Freeroll(125998445)#109' 9-max (real money) Seat #6 is the button
Seat 1: OOTMan66 (5256)
Seat 2: 777..28 (2580)
Seat 3: Catrider83 (1880)
Seat 4: MOAH30 (6093)
Seat 5: Welmar (5685)
Seat 6: Qqnek (19155)
Seat 7: davstreemer (1670)
Seat 8: manggy94 (30555)
Seat 9: Pacman05 (2195)
*** ANTE/BLINDS ***
davstreemer posts ante 40
manggy94 posts ante 40
OOTMan66 posts ante 40
777..28 posts ante 40
Catrider83 posts ante 40
MOAH30 posts ante 40
Welmar posts ante 40
Qqnek posts ante 40
Pacman05 posts ante 40
davstreemer posts small blind 200
manggy94 posts big blind 400
Dealt to manggy94 [9d 7h]
*** PRE-FLOP *** 
Pacman05 folds
OOTMan66 folds
777..28 folds
Catrider83 folds
MOAH30 calls 400
Welmar calls 400
Qqnek folds
davstreemer raises 1230 to 1630 and is all-in
manggy94 folds
MOAH30 folds
Welmar calls 1230
*** FLOP *** [3d Jc Jh]
*** TURN *** [3d Jc Jh][Ah]
*** RIVER *** [3d Jc Jh Ah][Th]
*** SHOW DOWN ***
Welmar shows [Ts 8d] (Two pairs : Jacks and Tens)
davstreemer shows [Td Qd] (Two pairs : Jacks and Tens)
davstreemer collected 2210 from pot
Welmar collected 2210 from pot
*** SUMMARY ***
Total pot 4420 | No rake
Board: [3d Jc Jh Ah Th]
Seat 5: Welmar showed [Ts 8d] and won 2210 with Two pairs : Jacks and Tens
Seat 7: davstreemer (small blind) showed [Td Qd] and won 2210 with Two pairs : Jacks and Tens


Winamax Poker - Tournament "Freeroll" buyIn: Free level: 11 - HandId: #541159200621854830-29-1439388579 - Holdem no limit (40/200/400) - 2015/08/12 14:09:39 UTC
Table: 'Freeroll(125998445)#109' 9-max (real money) Seat #7 is the button
Seat 1: OOTMan66 (5216)
Seat 2: 777..28 (2540)
Seat 3: Catrider83 (1840)
Seat 4: MOAH30 (5653)
Seat 5: Welmar (6225)
Seat 6: Qqnek (19115)
Seat 7: davstreemer (2210)
Seat 8: manggy94 (30115)
Seat 9: Pacman05 (2155)
*** ANTE/BLINDS ***
manggy94 posts ante 40
Pacman05 posts ante 40
OOTMan66 posts ante 40
777..28 posts ante 40
Catrider83 posts ante 40
MOAH30 posts ante 40
Welmar posts ante 40
Qqnek posts ante 40
davstreemer posts ante 40
manggy94 posts small blind 200
Pacman05 posts big blind 400
Dealt to manggy94 [7h 2d]
*** PRE-FLOP *** 
OOTMan66 folds
777..28 folds
Catrider83 folds
MOAH30 folds
Welmar folds
Qqnek folds
davstreemer folds
manggy94 folds
Pacman05 collected 960 from pot
*** SUMMARY ***
Total pot 960 | No rake
Seat 9: Pacman05 (big blind) won 960


Winamax Poker - Tournament "Freeroll" buyIn: Free level: 11 - HandId: #541159200621854830-30-1439388609 - Holdem no limit (40/200/400) - 2015/08/12 14:10:09 UTC
Table: 'Freeroll(125998445)#109' 9-max (real money) Seat #8 is the button
Seat 1: OOTMan66 (5176)
Seat 2: 777..28 (2500)
Seat 3: Catrider83 (1800)
Seat 4: MOAH30 (5613)
Seat 5: Welmar (6185)
Seat 6: Qqnek (19075)
Seat 7: davstreemer (2170)
Seat 8: manggy94 (29875)
Seat 9: Pacman05 (2675)
*** ANTE/BLINDS ***
Pacman05 posts ante 40
OOTMan66 posts ante 40
777..28 posts ante 40
Catrider83 posts ante 40
MOAH30 posts ante 40
Welmar posts ante 40
Qqnek posts ante 40
davstreemer posts ante 40
manggy94 posts ante 40
Pacman05 posts small blind 200
OOTMan66 posts big blind 400
Dealt to manggy94 [Ks 5d]
*** PRE-FLOP *** 
777..28 folds
Catrider83 folds
MOAH30 folds
Welmar calls 400
Qqnek folds
davstreemer calls 400
manggy94 calls 400
Pacman05 folds
OOTMan66 checks
*** FLOP *** [Tc 8s 3d]
OOTMan66 checks
Welmar checks
davstreemer checks
manggy94 checks
*** TURN *** [Tc 8s 3d][6c]
OOTMan66 checks
Welmar checks
davstreemer checks
manggy94 checks
*** RIVER *** [Tc 8s 3d 6c][2s]
OOTMan66 checks
Welmar checks
davstreemer checks
manggy94 checks
*** SHOW DOWN ***
OOTMan66 shows [Jh 2c] (One pair : 2)
davstreemer shows [Qh Kc] (High card : King)
manggy94 shows [Ks 5d] (High card : King)
Welmar shows [Qc 2d] (One pair : 2)
Welmar collected 2160 from pot
*** SUMMARY ***
Total pot 2160 | No rake
Board: [Tc 8s 3d 6c 2s]
Seat 1: OOTMan66 (big blind) showed [Jh 2c] and lost with One pair : 2
Seat 5: Welmar showed [Qc 2d] and won 2160 with One pair : 2
Seat 7: davstreemer showed [Qh Kc] and lost with High card : King
Seat 8: manggy94 (button) showed [Ks 5d] and lost with High card : King


Winamax Poker - Tournament "Freeroll" buyIn: Free level: 11 - HandId: #541159200621854830-31-1439388679 - Holdem no limit (40/200/400) - 2015/08/12 14:11:19 UTC
Table: 'Freeroll(125998445)#109' 9-max (real money) Seat #9 is the button
Seat 1: OOTMan66 (4736)
Seat 2: 777..28 (2460)
Seat 3: Catrider83 (1760)
Seat 4: MOAH30 (5573)
Seat 5: Welmar (7905)
Seat 6: Qqnek (19035)
Seat 7: davstreemer (1730)
Seat 8: manggy94 (29435)
Seat 9: Pacman05 (2435)
*** ANTE/BLINDS ***
OOTMan66 posts ante 40
777..28 posts ante 40
Catrider83 posts ante 40
MOAH30 posts ante 40
Welmar posts ante 40
Qqnek posts ante 40
davstreemer posts ante 40
manggy94 posts ante 40
Pacman05 posts ante 40
OOTMan66 posts small blind 200
777..28 posts big blind 400
Dealt to manggy94 [4h 5h]
*** PRE-FLOP *** 
Catrider83 folds
MOAH30 folds
Welmar calls 400
Qqnek folds
davstreemer folds
manggy94 raises 1760 to 2160
Pacman05 folds
OOTMan66 folds
777..28 folds
Welmar calls 1760
*** FLOP *** [6s 3d Ac]
Welmar checks
manggy94 bets 5280
Welmar folds
manggy94 collected 10560 from pot
*** SUMMARY ***
Total pot 10560 | No rake
Board: [6s 3d Ac]
Seat 8: manggy94 won 10560


Winamax Poker - Tournament "Freeroll" buyIn: Free level: 12 - HandId: #541159200621854830-32-1439388710 - Holdem no limit (50/250/500) - 2015/08/12 14:11:50 UTC
Table: 'Freeroll(125998445)#109' 9-max (real money) Seat #1 is the button
Seat 1: OOTMan66 (4496)
Seat 2: 777..28 (2020)
Seat 3: Catrider83 (1720)
Seat 4: MOAH30 (5533)
Seat 5: Welmar (5705)
Seat 6: Qqnek (18995)
Seat 7: davstreemer (1690)
Seat 8: manggy94 (32515)
Seat 9: Pacman05 (2395)
*** ANTE/BLINDS ***
777..28 posts ante 50
Catrider83 posts ante 50
OOTMan66 posts ante 50
MOAH30 posts ante 50
Welmar posts ante 50
Qqnek posts ante 50
davstreemer posts ante 50
manggy94 posts ante 50
Pacman05 posts ante 50
777..28 posts small blind 250
Catrider83 posts big blind 500
Dealt to manggy94 [Jc 4d]
*** PRE-FLOP *** 
MOAH30 folds
Welmar folds
Qqnek raises 500 to 1000
davstreemer folds
manggy94 folds
Pacman05 folds
OOTMan66 folds
777..28 folds
Catrider83 folds
Qqnek collected 2200 from pot
*** SUMMARY ***
Total pot 2200 | No rake
Seat 6: Qqnek won 2200


Winamax Poker - Tournament "Freeroll" buyIn: Free level: 12 - HandId: #541159200621854830-33-1439388745 - Holdem no limit (50/250/500) - 2015/08/12 14:12:25 UTC
Table: 'Freeroll(125998445)#109' 9-max (real money) Seat #2 is the button
Seat 1: OOTMan66 (4446)
Seat 2: 777..28 (1720)
Seat 3: Catrider83 (1170)
Seat 4: MOAH30 (5483)
Seat 5: Welmar (5655)
Seat 6: Qqnek (20145)
Seat 7: davstreemer (1640)
Seat 8: manggy94 (32465)
Seat 9: Pacman05 (2345)
*** ANTE/BLINDS ***
Catrider83 posts ante 50
MOAH30 posts ante 50
OOTMan66 posts ante 50
777..28 posts ante 50
Welmar posts ante 50
Qqnek posts ante 50
davstreemer posts ante 50
manggy94 posts ante 50
Pacman05 posts ante 50
Catrider83 posts small blind 250
MOAH30 posts big blind 500
Dealt to manggy94 [3s Ah]
*** PRE-FLOP *** 
Welmar folds
Qqnek folds
davstreemer folds
manggy94 calls 500
Pacman05 folds
OOTMan66 calls 500
777..28 folds
Catrider83 folds
MOAH30 checks
*** FLOP *** [Js 2h 6c]
MOAH30 checks
manggy94 checks
OOTMan66 checks
*** TURN *** [Js 2h 6c][Tc]
MOAH30 checks
manggy94 checks
OOTMan66 checks
*** RIVER *** [Js 2h 6c Tc][7c]
MOAH30 checks
manggy94 checks
OOTMan66 checks
*** SHOW DOWN ***
OOTMan66 shows [Ad Qh] (High card : Ace)
manggy94 shows [3s Ah] (High card : Ace)
MOAH30 shows [6h 3d] (One pair : 6)
MOAH30 collected 2200 from pot
*** SUMMARY ***
Total pot 2200 | No rake
Board: [Js 2h 6c Tc 7c]
Seat 1: OOTMan66 showed [Ad Qh] and lost with High card : Ace
Seat 4: MOAH30 (big blind) showed [6h 3d] and won 2200 with One pair : 6
Seat 8: manggy94 showed [3s Ah] and lost with High card : Ace


Winamax Poker - Tournament "Freeroll" buyIn: Free level: 12 - HandId: #541159200621854830-34-1439388803 - Holdem no limit (50/250/500) - 2015/08/12 14:13:23 UTC
Table: 'Freeroll(125998445)#109' 9-max (real money) Seat #3 is the button
Seat 1: OOTMan66 (3896)
Seat 2: 777..28 (1670)
Seat 3: Catrider83 (870)
Seat 4: MOAH30 (7133)
Seat 5: Welmar (5605)
Seat 6: Qqnek (20095)
Seat 7: davstreemer (1590)
Seat 8: manggy94 (31915)
Seat 9: Pacman05 (2295)
*** ANTE/BLINDS ***
MOAH30 posts ante 50
Welmar posts ante 50
OOTMan66 posts ante 50
777..28 posts ante 50
Catrider83 posts ante 50
Qqnek posts ante 50
davstreemer posts ante 50
manggy94 posts ante 50
Pacman05 posts ante 50
MOAH30 posts small blind 250
Welmar posts big blind 500
Dealt to manggy94 [7s Ad]
*** PRE-FLOP *** 
Qqnek folds
davstreemer folds
manggy94 calls 500
Pacman05 folds
OOTMan66 folds
777..28 raises 1120 to 1620 and is all-in
Catrider83 folds
MOAH30 folds
Welmar calls 1120
manggy94 calls 1120
*** FLOP *** [9c 2c As]
Welmar checks
manggy94 bets 5560
Welmar folds
*** TURN *** [9c 2c As][Qh]
*** RIVER *** [9c 2c As Qh][5c]
*** SHOW DOWN ***
777..28 shows [Ks 8c] (High card : Ace)
manggy94 shows [7s Ad] (One pair : Aces)
manggy94 collected 11120 from pot
*** SUMMARY ***
Total pot 11120 | No rake
Board: [9c 2c As Qh 5c]
Seat 2: 777..28 showed [Ks 8c] and lost with High card : Ace
Seat 8: manggy94 showed [7s Ad] and won 11120 with One pair : Aces


Winamax Poker - Tournament "Freeroll" buyIn: Free level: 12 - HandId: #541159200621854830-35-1439388834 - Holdem no limit (50/250/500) - 2015/08/12 14:13:54 UTC
Table: 'Freeroll(125998445)#109' 9-max (real money) Seat #4 is the button
Seat 1: OOTMan66 (3846)
Seat 3: Catrider83 (820)
Seat 4: MOAH30 (6833)
Seat 5: Welmar (3935)
Seat 6: Qqnek (20045)
Seat 7: davstreemer (1540)
Seat 8: manggy94 (35805)
Seat 9: Pacman05 (2245)
*** ANTE/BLINDS ***
Welmar posts ante 50
Qqnek posts ante 50
OOTMan66 posts ante 50
Catrider83 posts ante 50
MOAH30 posts ante 50
davstreemer posts ante 50
manggy94 posts ante 50
Pacman05 posts ante 50
Welmar posts small blind 250
Qqnek posts big blind 500
Dealt to manggy94 [Ks Kh]
*** PRE-FLOP *** 
davstreemer folds
manggy94 calls 500
Pacman05 folds
OOTMan66 folds
Catrider83 folds
MOAH30 folds
Welmar calls 250
Qqnek raises 1750 to 2250
manggy94 raises 5400 to 7650
Welmar folds
Qqnek calls 5400
*** FLOP *** [4s 6s Qh]
Qqnek bets 12345 and is all-in
manggy94 calls 12345
*** TURN *** [4s 6s Qh][3c]
*** RIVER *** [4s 6s Qh 3c][5h]
*** SHOW DOWN ***
Qqnek shows [Jd Qs] (One pair : Queens)
manggy94 shows [Ks Kh] (One pair : Kings)
manggy94 collected 40890 from pot
*** SUMMARY ***
Total pot 40890 | No rake
Board: [4s 6s Qh 3c 5h]
Seat 6: Qqnek (big blind) showed [Jd Qs] and lost with One pair : Queens
Seat 8: manggy94 showed [Ks Kh] and won 40890 with One pair : Kings


Winamax Poker - Tournament "Freeroll" buyIn: Free level: 13 - HandId: #541159200621854969-32-1439388877 - Holdem no limit (70/300/600) - 2015/08/12 14:14:37 UTC
Table: 'Freeroll(125998445)#248' 9-max (real money) Seat #1 is the button
Seat 1: jaelo67300 (13899)
Seat 2: sacristef (1135)
Seat 3: dolef (17571)
Seat 4: fullnobeat (16481)
Seat 5: icekush (11506)
Seat 6: Yanoulemerou (5586)
Seat 7: manggy94 (56650)
Seat 8: Rochefort10 (5995)
Seat 9: davstreemer (1490)
*** ANTE/BLINDS ***
sacristef posts ante 70
dolef posts ante 70
jaelo67300 posts ante 70
fullnobeat posts ante 70
icekush posts ante 70
Yanoulemerou posts ante 70
manggy94 posts ante 70
Rochefort10 posts ante 70
davstreemer posts ante 70
sacristef posts small blind 300
dolef posts big blind 600
Dealt to manggy94 [Kh 7c]
*** PRE-FLOP *** 
fullnobeat raises 600 to 1200
icekush folds
Yanoulemerou raises 4316 to 5516 and is all-in
manggy94 folds
Rochefort10 raises 409 to 5925 and is all-in
davstreemer folds
jaelo67300 folds
sacristef folds
dolef folds
fullnobeat calls 4725
*** FLOP *** [9s 3d As]
*** TURN *** [9s 3d As][6s]
*** RIVER *** [9s 3d As 6s][8c]
*** SHOW DOWN ***
fullnobeat shows [Js Kd] (High card : Ace)
Yanoulemerou shows [Qs Ac] (One pair : Aces)
Rochefort10 shows [6h 6c] (Trips of 6)
Rochefort10 collected 18896 from pot
*** SUMMARY ***
Total pot 18896 | No rake
Board: [9s 3d As 6s 8c]
Seat 4: fullnobeat showed [Js Kd] and lost with High card : Ace
Seat 6: Yanoulemerou showed [Qs Ac] and lost with One pair : Aces
Seat 8: Rochefort10 showed [6h 6c] and won 18896 with Trips of 6


Winamax Poker - Tournament "Freeroll" buyIn: Free level: 13 - HandId: #541159200621854969-33-1439388916 - Holdem no limit (70/300/600) - 2015/08/12 14:15:16 UTC
Table: 'Freeroll(125998445)#248' 9-max (real money) Seat #2 is the button
Seat 1: jaelo67300 (13829)
Seat 2: sacristef (765)
Seat 3: dolef (16901)
Seat 4: fullnobeat (10486)
Seat 5: icekush (11436)
Seat 7: manggy94 (56580)
Seat 8: Rochefort10 (18896)
Seat 9: davstreemer (1420)
*** ANTE/BLINDS ***
dolef posts ante 70
fullnobeat posts ante 70
jaelo67300 posts ante 70
sacristef posts ante 70
icekush posts ante 70
manggy94 posts ante 70
Rochefort10 posts ante 70
davstreemer posts ante 70
dolef posts small blind 300
fullnobeat posts big blind 600
Dealt to manggy94 [4c Ah]
*** PRE-FLOP *** 
icekush folds
manggy94 calls 600
Rochefort10 folds
davstreemer folds
jaelo67300 folds
sacristef folds
dolef calls 300
fullnobeat checks
*** FLOP *** [As Js 7d]
dolef bets 600
fullnobeat folds
manggy94 raises 3560 to 4160
dolef folds
manggy94 collected 7120 from pot
*** SUMMARY ***
Total pot 7120 | No rake
Board: [As Js 7d]
Seat 7: manggy94 won 7120


Winamax Poker - Tournament "Freeroll" buyIn: Free level: 13 - HandId: #541159200621854969-34-1439388984 - Holdem no limit (70/300/600) - 2015/08/12 14:16:24 UTC
Table: 'Freeroll(125998445)#248' 9-max (real money) Seat #3 is the button
Seat 1: jaelo67300 (13759)
Seat 2: sacristef (695)
Seat 3: dolef (15631)
Seat 4: fullnobeat (9816)
Seat 5: icekush (11366)
Seat 6: PoneyKlub (38389)
Seat 7: manggy94 (58870)
Seat 8: Rochefort10 (18826)
Seat 9: davstreemer (1350)
*** ANTE/BLINDS ***
fullnobeat posts ante 70
icekush posts ante 70
jaelo67300 posts ante 70
sacristef posts ante 70
dolef posts ante 70
PoneyKlub posts ante 70
manggy94 posts ante 70
Rochefort10 posts ante 70
davstreemer posts ante 70
fullnobeat posts small blind 300
icekush posts big blind 600
Dealt to manggy94 [8s Tc]
*** PRE-FLOP *** 
PoneyKlub folds
manggy94 folds
Rochefort10 folds
davstreemer folds
jaelo67300 folds
sacristef folds
dolef raises 14961 to 15561 and is all-in
fullnobeat folds
icekush calls 10696 and is all-in
*** FLOP *** [Ks Jc 9c]
*** TURN *** [Ks Jc 9c][Jd]
*** RIVER *** [Ks Jc 9c Jd][Th]
*** SHOW DOWN ***
icekush shows [4d 4s] (Two pairs : Jacks and 4)
dolef shows [8c Ad] (One pair : Jacks)
dolef collected 4265 from side pot 1
icekush collected 23522 from main pot
*** SUMMARY ***
Total pot 27787 | No rake
Board: [Ks Jc 9c Jd Th]
Seat 3: dolef (button) showed [8c Ad] and won 4265 with One pair : Jacks
Seat 5: icekush (big blind) showed [4d 4s] and won 23522 with Two pairs : Jacks and 4


Winamax Poker - Tournament "Freeroll" buyIn: Free level: 13 - HandId: #541159200621854969-35-1439389039 - Holdem no limit (70/300/600) - 2015/08/12 14:17:19 UTC
Table: 'Freeroll(125998445)#248' 9-max (real money) Seat #4 is the button
Seat 1: jaelo67300 (13689)
Seat 2: sacristef (625)
Seat 3: dolef (4265)
Seat 4: fullnobeat (9446)
Seat 5: icekush (23522)
Seat 6: PoneyKlub (38319)
Seat 7: manggy94 (58800)
Seat 8: Rochefort10 (18756)
Seat 9: davstreemer (1280)
*** ANTE/BLINDS ***
icekush posts ante 70
PoneyKlub posts ante 70
jaelo67300 posts ante 70
sacristef posts ante 70
dolef posts ante 70
fullnobeat posts ante 70
manggy94 posts ante 70
Rochefort10 posts ante 70
davstreemer posts ante 70
icekush posts small blind 300
PoneyKlub posts big blind 600
Dealt to manggy94 [9s 6d]
*** PRE-FLOP *** 
manggy94 folds
Rochefort10 folds
davstreemer folds
jaelo67300 folds
sacristef folds
dolef folds
fullnobeat calls 600
icekush calls 300
PoneyKlub checks
*** FLOP *** [Jh 2h 8h]
icekush checks
PoneyKlub checks
fullnobeat checks
*** TURN *** [Jh 2h 8h][Ad]
icekush bets 1215
PoneyKlub folds
fullnobeat raises 7561 to 8776 and is all-in
icekush calls 7561
*** RIVER *** [Jh 2h 8h Ad][6c]
*** SHOW DOWN ***
icekush shows [8c As] (Two pairs : Aces and 8)
fullnobeat shows [9h Kh] (Flush King high)
fullnobeat collected 19982 from pot
*** SUMMARY ***
Total pot 19982 | No rake
Board: [Jh 2h 8h Ad 6c]
Seat 4: fullnobeat (button) showed [9h Kh] and won 19982 with Flush King high
Seat 5: icekush (small blind) showed [8c As] and lost with Two pairs : Aces and 8


Winamax Poker - Tournament "Freeroll" buyIn: Free level: 14 - HandId: #541159200621854969-36-1439389120 - Holdem no limit (80/400/800) - 2015/08/12 14:18:40 UTC
Table: 'Freeroll(125998445)#248' 9-max (real money) Seat #5 is the button
Seat 2: sacristef (555)
Seat 3: dolef (4195)
Seat 4: fullnobeat (19982)
Seat 5: icekush (14076)
Seat 6: PoneyKlub (37649)
Seat 7: manggy94 (58730)
Seat 8: Rochefort10 (18686)
Seat 9: davstreemer (1210)
*** ANTE/BLINDS ***
PoneyKlub posts ante 80
manggy94 posts ante 80
sacristef posts ante 80
dolef posts ante 80
fullnobeat posts ante 80
icekush posts ante 80
Rochefort10 posts ante 80
davstreemer posts ante 80
PoneyKlub posts small blind 400
manggy94 posts big blind 800
Dealt to manggy94 [9c Th]
*** PRE-FLOP *** 
Rochefort10 folds
davstreemer raises 330 to 1130 and is all-in
sacristef folds
dolef raises 800 to 1930
fullnobeat folds
icekush folds
PoneyKlub folds
manggy94 calls 1130
*** FLOP *** [3c Ah 8h]
manggy94 checks
dolef bets 800
manggy94 calls 800
*** TURN *** [3c Ah 8h][Ks]
manggy94 checks
dolef bets 800
manggy94 folds
*** RIVER *** [3c Ah 8h Ks][9d]
*** SHOW DOWN ***
davstreemer shows [Qc Ac] (One pair : Aces)
dolef shows [As Ad] (Trips of Aces)
dolef collected 8430 from pot
*** SUMMARY ***
Total pot 8430 | No rake
Board: [3c Ah 8h Ks 9d]
Seat 3: dolef showed [As Ad] and won 8430 with Trips of Aces
Seat 9: davstreemer showed [Qc Ac] and lost with One pair : Aces


Winamax Poker - Tournament "Freeroll" buyIn: Free level: 14 - HandId: #541159200621854969-37-1439389165 - Holdem no limit (80/400/800) - 2015/08/12 14:19:25 UTC
Table: 'Freeroll(125998445)#248' 9-max (real money) Seat #6 is the button
Seat 1: jahden 974 (28616)
Seat 2: sacristef (475)
Seat 3: dolef (9015)
Seat 4: fullnobeat (19902)
Seat 5: icekush (13996)
Seat 6: PoneyKlub (37169)
Seat 7: manggy94 (55920)
Seat 8: Rochefort10 (18606)
Seat 9: kris2307 (26832)
*** ANTE/BLINDS ***
manggy94 posts ante 80
Rochefort10 posts ante 80
jahden 974 posts ante 80
sacristef posts ante 80
dolef posts ante 80
fullnobeat posts ante 80
icekush posts ante 80
PoneyKlub posts ante 80
kris2307 posts ante 80
manggy94 posts small blind 400
Rochefort10 posts big blind 800
Dealt to manggy94 [9s Ts]
*** PRE-FLOP *** 
kris2307 calls 800
jahden 974 folds
sacristef folds
dolef folds
fullnobeat calls 800
icekush folds
PoneyKlub folds
manggy94 calls 400
Rochefort10 folds
*** FLOP *** [Td 2s Th]
manggy94 checks
kris2307 bets 1200
fullnobeat folds
manggy94 calls 1200
*** TURN *** [Td 2s Th][Js]
manggy94 bets 14800
kris2307 folds
manggy94 collected 21120 from pot
*** SUMMARY ***
Total pot 21120 | No rake
Board: [Td 2s Th Js]
Seat 7: manggy94 (small blind) won 21120


Winamax Poker - Tournament "Freeroll" buyIn: Free level: 14 - HandId: #541159200621854969-38-1439389216 - Holdem no limit (80/400/800) - 2015/08/12 14:20:16 UTC
Table: 'Freeroll(125998445)#248' 9-max (real money) Seat #7 is the button
Seat 1: jahden 974 (28536)
Seat 2: sacristef (395)
Seat 3: dolef (8935)
Seat 4: fullnobeat (19022)
Seat 5: icekush (13916)
Seat 6: PoneyKlub (37089)
Seat 7: manggy94 (60160)
Seat 8: Rochefort10 (17726)
Seat 9: kris2307 (24752)
*** ANTE/BLINDS ***
Rochefort10 posts ante 80
kris2307 posts ante 80
jahden 974 posts ante 80
sacristef posts ante 80
dolef posts ante 80
fullnobeat posts ante 80
icekush posts ante 80
PoneyKlub posts ante 80
manggy94 posts ante 80
Rochefort10 posts small blind 400
kris2307 posts big blind 800
Dealt to manggy94 [Ad 5s]
*** PRE-FLOP *** 
jahden 974 folds
sacristef folds
dolef folds
fullnobeat calls 800
icekush folds
PoneyKlub folds
manggy94 calls 800
Rochefort10 folds
kris2307 checks
*** FLOP *** [8s 9h 4d]
kris2307 checks
fullnobeat checks
manggy94 checks
*** TURN *** [8s 9h 4d][7c]
kris2307 bets 800
fullnobeat calls 800
manggy94 calls 800
*** RIVER *** [8s 9h 4d 7c][6s]
kris2307 checks
fullnobeat bets 800
manggy94 calls 800
kris2307 calls 800
*** SHOW DOWN ***
manggy94 shows [Ad 5s] (Straight 9 high)
kris2307 shows [6h Ah] (One pair : 6)
fullnobeat shows [Ac Th] (Straight Ten high)
fullnobeat collected 8320 from pot
*** SUMMARY ***
Total pot 8320 | No rake
Board: [8s 9h 4d 7c 6s]
Seat 4: fullnobeat showed [Ac Th] and won 8320 with Straight Ten high
Seat 7: manggy94 (button) showed [Ad 5s] and lost with Straight 9 high
Seat 9: kris2307 (big blind) showed [6h Ah] and lost with One pair : 6


Winamax Poker - Tournament "Freeroll" buyIn: Free level: 15 - HandId: #541159200621854969-39-1439389286 - Holdem no limit (100/500/1000) - 2015/08/12 14:21:26 UTC
Table: 'Freeroll(125998445)#248' 9-max (real money) Seat #8 is the button
Seat 1: jahden 974 (28456)
Seat 2: sacristef (315)
Seat 3: dolef (8855)
Seat 4: fullnobeat (24862)
Seat 5: icekush (13836)
Seat 6: PoneyKlub (37009)
Seat 7: manggy94 (57680)
Seat 8: Rochefort10 (17246)
Seat 9: kris2307 (22272)
*** ANTE/BLINDS ***
kris2307 posts ante 100
jahden 974 posts ante 100
sacristef posts ante 100
dolef posts ante 100
fullnobeat posts ante 100
icekush posts ante 100
PoneyKlub posts ante 100
manggy94 posts ante 100
Rochefort10 posts ante 100
kris2307 posts small blind 500
jahden 974 posts big blind 1000
Dealt to manggy94 [5s 6d]
*** PRE-FLOP *** 
sacristef folds
dolef raises 7755 to 8755 and is all-in
fullnobeat folds
icekush folds
PoneyKlub folds
manggy94 folds
Rochefort10 folds
kris2307 calls 8255
jahden 974 folds
*** FLOP *** [7d As Qh]
*** TURN *** [7d As Qh][Js]
*** RIVER *** [7d As Qh Js][7c]
*** SHOW DOWN ***
kris2307 shows [Jd Qs] (Two pairs : Queens and Jacks)
dolef shows [Ac 8d] (Two pairs : Aces and 7)
dolef collected 19410 from pot
*** SUMMARY ***
Total pot 19410 | No rake
Board: [7d As Qh Js 7c]
Seat 3: dolef showed [Ac 8d] and won 19410 with Two pairs : Aces and 7
Seat 9: kris2307 (small blind) showed [Jd Qs] and lost with Two pairs : Queens and Jacks


Winamax Poker - Tournament "Freeroll" buyIn: Free level: 15 - HandId: #541159200621854969-40-1439389312 - Holdem no limit (100/500/1000) - 2015/08/12 14:21:52 UTC
Table: 'Freeroll(125998445)#248' 9-max (real money) Seat #9 is the button
Seat 1: jahden 974 (27356)
Seat 2: sacristef (215)
Seat 3: dolef (19410)
Seat 4: fullnobeat (24762)
Seat 5: icekush (13736)
Seat 6: PoneyKlub (36909)
Seat 7: manggy94 (57580)
Seat 8: Rochefort10 (17146)
Seat 9: kris2307 (13417)
*** ANTE/BLINDS ***
jahden 974 posts ante 100
sacristef posts ante 100
dolef posts ante 100
fullnobeat posts ante 100
icekush posts ante 100
PoneyKlub posts ante 100
manggy94 posts ante 100
Rochefort10 posts ante 100
kris2307 posts ante 100
jahden 974 posts small blind 500
sacristef posts big blind 115 and is all-in
Dealt to manggy94 [4c Ac]
*** PRE-FLOP *** 
dolef folds
fullnobeat folds
icekush folds
PoneyKlub folds
manggy94 calls 1000
Rochefort10 folds
kris2307 raises 13202 to 13317 and is all-in
jahden 974 folds
manggy94 calls 12317
*** FLOP *** [Kh 9s 7h]
*** TURN *** [Kh 9s 7h][2d]
*** RIVER *** [Kh 9s 7h 2d][6d]
*** SHOW DOWN ***
manggy94 shows [4c Ac] (High card : Ace)
sacristef shows [Kd 2c] (Two pairs : Kings and 2)
kris2307 shows [Ad 9d] (One pair : 9)
kris2307 collected 26789 from side pot 1
sacristef collected 1360 from main pot
*** SUMMARY ***
Total pot 28149 | No rake
Board: [Kh 9s 7h 2d 6d]
Seat 2: sacristef (big blind) showed [Kd 2c] and won 1360 with Two pairs : Kings and 2
Seat 7: manggy94 showed [4c Ac] and lost with High card : Ace
Seat 9: kris2307 (button) showed [Ad 9d] and won 26789 with One pair : 9


Winamax Poker - Tournament "Freeroll" buyIn: Free level: 15 - HandId: #541159200621854969-41-1439389339 - Holdem no limit (100/500/1000) - 2015/08/12 14:22:19 UTC
Table: 'Freeroll(125998445)#248' 9-max (real money) Seat #1 is the button
Seat 1: jahden 974 (26756)
Seat 2: sacristef (1360)
Seat 3: dolef (19310)
Seat 4: fullnobeat (24662)
Seat 5: icekush (13636)
Seat 6: PoneyKlub (36809)
Seat 7: manggy94 (44163)
Seat 8: Rochefort10 (17046)
Seat 9: kris2307 (26789)
*** ANTE/BLINDS ***
sacristef posts ante 100
dolef posts ante 100
jahden 974 posts ante 100
fullnobeat posts ante 100
icekush posts ante 100
PoneyKlub posts ante 100
manggy94 posts ante 100
Rochefort10 posts ante 100
kris2307 posts ante 100
sacristef posts small blind 500
dolef posts big blind 1000
Dealt to manggy94 [Qs 8s]
*** PRE-FLOP *** 
fullnobeat folds
icekush folds
PoneyKlub folds
manggy94 calls 1000
Rochefort10 folds
kris2307 calls 1000
jahden 974 folds
sacristef folds
dolef checks
*** FLOP *** [Qd Qh 4s]
dolef checks
manggy94 checks
kris2307 bets 1000
dolef folds
manggy94 calls 1000
*** TURN *** [Qd Qh 4s][7h]
manggy94 checks
kris2307 bets 1000
manggy94 raises 8400 to 9400
kris2307 folds
manggy94 collected 16800 from pot
*** SUMMARY ***
Total pot 16800 | No rake
Board: [Qd Qh 4s 7h]
Seat 7: manggy94 won 16800


Winamax Poker - Tournament "Freeroll" buyIn: Free level: 15 - HandId: #541159200621854969-42-1439389395 - Holdem no limit (100/500/1000) - 2015/08/12 14:23:15 UTC
Table: 'Freeroll(125998445)#248' 9-max (real money) Seat #2 is the button
Seat 1: jahden 974 (26656)
Seat 2: sacristef (760)
Seat 3: dolef (18210)
Seat 4: fullnobeat (24562)
Seat 5: icekush (13536)
Seat 6: PoneyKlub (36709)
Seat 7: manggy94 (49463)
Seat 9: kris2307 (23689)
*** ANTE/BLINDS ***
dolef posts ante 100
fullnobeat posts ante 100
jahden 974 posts ante 100
sacristef posts ante 100
icekush posts ante 100
PoneyKlub posts ante 100
manggy94 posts ante 100
kris2307 posts ante 100
dolef posts small blind 500
fullnobeat posts big blind 1000
Dealt to manggy94 [5s 9s]
*** PRE-FLOP *** 
icekush raises 2000 to 3000
PoneyKlub folds
manggy94 folds
kris2307 calls 3000
jahden 974 calls 3000
sacristef folds
dolef folds
fullnobeat calls 2000
*** FLOP *** [Kc 3h Qd]
fullnobeat checks
icekush checks
kris2307 bets 2500
jahden 974 calls 2500
fullnobeat calls 2500
icekush folds
*** TURN *** [Kc 3h Qd][4s]
fullnobeat checks
kris2307 checks
jahden 974 checks
*** RIVER *** [Kc 3h Qd 4s][Jd]
fullnobeat checks
kris2307 checks
jahden 974 checks
*** SHOW DOWN ***
fullnobeat shows [Jh Tc] (One pair : Jacks)
kris2307 shows [6s 6c] (One pair : 6)
jahden 974 shows [Jc Ad] (One pair : Jacks)
jahden 974 collected 20800 from pot
*** SUMMARY ***
Total pot 20800 | No rake
Board: [Kc 3h Qd 4s Jd]
Seat 1: jahden 974 showed [Jc Ad] and won 20800 with One pair : Jacks
Seat 4: fullnobeat (big blind) showed [Jh Tc] and lost with One pair : Jacks
Seat 9: kris2307 showed [6s 6c] and lost with One pair : 6


Winamax Poker - Tournament "Freeroll" buyIn: Free level: 16 - HandId: #541159200621854969-43-1439389463 - Holdem no limit (135/600/1200) - 2015/08/12 14:24:23 UTC
Table: 'Freeroll(125998445)#248' 9-max (real money) Seat #3 is the button
Seat 1: Yazco (12002)
Seat 2: sacristef (660)
Seat 3: dolef (17610)
Seat 4: fullnobeat (18962)
Seat 5: icekush (10436)
Seat 6: PoneyKlub (36609)
Seat 7: manggy94 (49363)
Seat 8: pong45 (6472)
Seat 9: kris2307 (18089)
*** ANTE/BLINDS ***
fullnobeat posts ante 135
icekush posts ante 135
Yazco posts ante 135
sacristef posts ante 135
dolef posts ante 135
PoneyKlub posts ante 135
manggy94 posts ante 135
pong45 posts ante 135
kris2307 posts ante 135
fullnobeat posts small blind 600
icekush posts big blind 1200
Dealt to manggy94 [Ks 6h]
*** PRE-FLOP *** 
PoneyKlub folds
manggy94 calls 1200
pong45 folds
kris2307 raises 16754 to 17954 and is all-in
Yazco folds
sacristef folds
dolef folds
fullnobeat folds
icekush folds
manggy94 folds
kris2307 collected 22169 from pot
*** SUMMARY ***
Total pot 22169 | No rake
Seat 9: kris2307 won 22169


Winamax Poker - Tournament "Freeroll" buyIn: Free level: 16 - HandId: #541159200621854969-44-1439389504 - Holdem no limit (135/600/1200) - 2015/08/12 14:25:04 UTC
Table: 'Freeroll(125998445)#248' 9-max (real money) Seat #4 is the button
Seat 1: Yazco (11867)
Seat 2: sacristef (525)
Seat 3: dolef (17475)
Seat 4: fullnobeat (18227)
Seat 5: icekush (9101)
Seat 6: PoneyKlub (36474)
Seat 7: manggy94 (48028)
Seat 8: pong45 (6337)
Seat 9: kris2307 (22169)
*** ANTE/BLINDS ***
icekush posts ante 135
PoneyKlub posts ante 135
Yazco posts ante 135
sacristef posts ante 135
dolef posts ante 135
fullnobeat posts ante 135
manggy94 posts ante 135
pong45 posts ante 135
kris2307 posts ante 135
icekush posts small blind 600
PoneyKlub posts big blind 1200
Dealt to manggy94 [9d 5c]
*** PRE-FLOP *** 
manggy94 folds
pong45 calls 1200
kris2307 calls 1200
Yazco calls 1200
sacristef folds
dolef folds
fullnobeat folds
icekush folds
PoneyKlub checks
*** FLOP *** [Kh Qc Ah]
PoneyKlub checks
pong45 bets 5002 and is all-in
kris2307 calls 5002
Yazco calls 5002
PoneyKlub folds
*** TURN *** [Kh Qc Ah][Js]
kris2307 checks
Yazco checks
*** RIVER *** [Kh Qc Ah Js][Qs]
kris2307 bets 15832 and is all-in
Yazco folds
*** SHOW DOWN ***
pong45 shows [Qd Ac] (Full of Queens and Aces)
kris2307 shows [4h Qh] (Trips of Queens)
kris2307 collected 15832 from side pot 1
pong45 collected 21621 from main pot
*** SUMMARY ***
Total pot 37453 | No rake
Board: [Kh Qc Ah Js Qs]
Seat 8: pong45 showed [Qd Ac] and won 21621 with Full of Queens and Aces
Seat 9: kris2307 showed [4h Qh] and won 15832 with Trips of Queens


Winamax Poker - Tournament "Freeroll" buyIn: Free level: 16 - HandId: #541159200621854969-45-1439389573 - Holdem no limit (135/600/1200) - 2015/08/12 14:26:13 UTC
Table: 'Freeroll(125998445)#248' 9-max (real money) Seat #5 is the button
Seat 1: Yazco (5530)
Seat 2: sacristef (390)
Seat 3: dolef (17340)
Seat 4: fullnobeat (18092)
Seat 5: icekush (8366)
Seat 6: PoneyKlub (35139)
Seat 7: manggy94 (47893)
Seat 8: pong45 (21621)
Seat 9: kris2307 (15832)
*** ANTE/BLINDS ***
PoneyKlub posts ante 135
manggy94 posts ante 135
Yazco posts ante 135
sacristef posts ante 135
dolef posts ante 135
fullnobeat posts ante 135
icekush posts ante 135
pong45 posts ante 135
kris2307 posts ante 135
PoneyKlub posts small blind 600
manggy94 posts big blind 1200
Dealt to manggy94 [8d 6d]
*** PRE-FLOP *** 
pong45 calls 1200
kris2307 folds
Yazco calls 1200
sacristef folds
dolef folds
fullnobeat calls 1200
icekush folds
PoneyKlub calls 600
manggy94 checks
*** FLOP *** [7c Qc Tc]
PoneyKlub checks
manggy94 checks
pong45 checks
Yazco bets 1200
fullnobeat raises 15557 to 16757 and is all-in
PoneyKlub folds
manggy94 folds
pong45 folds
Yazco calls 2995 and is all-in
*** TURN *** [7c Qc Tc][Qd]
*** RIVER *** [7c Qc Tc Qd][9d]
*** SHOW DOWN ***
Yazco shows [4c Kc] (Flush King high)
fullnobeat shows [Ts Qs] (Full of Queens and Tens)
fullnobeat collected 28167 from pot
*** SUMMARY ***
Total pot 28167 | No rake
Board: [7c Qc Tc Qd 9d]
Seat 1: Yazco showed [4c Kc] and lost with Flush King high
Seat 4: fullnobeat showed [Ts Qs] and won 28167 with Full of Queens and Tens


Winamax Poker - Tournament "Freeroll" buyIn: Free level: 17 - HandId: #541159200621854969-46-1439389638 - Holdem no limit (160/800/1600) - 2015/08/12 14:27:18 UTC
Table: 'Freeroll(125998445)#248' 9-max (real money) Seat #6 is the button
Seat 2: sacristef (255)
Seat 3: dolef (17205)
Seat 4: fullnobeat (28167)
Seat 5: icekush (8231)
Seat 6: PoneyKlub (33804)
Seat 7: manggy94 (46558)
Seat 8: pong45 (20286)
Seat 9: kris2307 (15697)
*** ANTE/BLINDS ***
manggy94 posts ante 160
pong45 posts ante 160
sacristef posts ante 160
dolef posts ante 160
fullnobeat posts ante 160
icekush posts ante 160
PoneyKlub posts ante 160
kris2307 posts ante 160
manggy94 posts small blind 800
pong45 posts big blind 1600
Dealt to manggy94 [3d 4h]
*** PRE-FLOP *** 
kris2307 folds
sacristef folds
dolef folds
fullnobeat raises 1600 to 3200
icekush folds
PoneyKlub folds
manggy94 folds
pong45 calls 1600
*** FLOP *** [3h 6h Ad]
pong45 checks
fullnobeat bets 8480
pong45 folds
fullnobeat collected 16960 from pot
*** SUMMARY ***
Total pot 16960 | No rake
Board: [3h 6h Ad]
Seat 4: fullnobeat won 16960


Winamax Poker - Tournament "Freeroll" buyIn: Free level: 17 - HandId: #541159200621854969-47-1439389695 - Holdem no limit (160/800/1600) - 2015/08/12 14:28:15 UTC
Table: 'Freeroll(125998445)#248' 9-max (real money) Seat #7 is the button
Seat 1: oki1023 (50916)
Seat 2: sacristef (95)
Seat 3: dolef (17045)
Seat 4: fullnobeat (33287)
Seat 5: icekush (8071)
Seat 6: PoneyKlub (33644)
Seat 7: manggy94 (45598)
Seat 8: pong45 (16926)
Seat 9: kris2307 (15537)
*** ANTE/BLINDS ***
pong45 posts ante 160
kris2307 posts ante 160
oki1023 posts ante 160
sacristef posts ante 95 and is all-in
dolef posts ante 160
fullnobeat posts ante 160
icekush posts ante 160
PoneyKlub posts ante 160
manggy94 posts ante 160
pong45 posts small blind 800
kris2307 posts big blind 1600
Dealt to manggy94 [6h 9d]
*** PRE-FLOP *** 
oki1023 calls 1600
dolef folds
fullnobeat folds
icekush folds
PoneyKlub folds
manggy94 folds
pong45 calls 800
kris2307 checks
*** FLOP *** [8d 7c Tc]
pong45 checks
kris2307 bets 1600
oki1023 calls 1600
pong45 folds
*** TURN *** [8d 7c Tc][Ad]
kris2307 bets 9375
oki1023 raises 9375 to 18750
kris2307 calls 2802 and is all-in
*** RIVER *** [8d 7c Tc Ad][4h]
*** SHOW DOWN ***
sacristef shows [Ac Qd] (One pair : Aces)
kris2307 shows [Td 7s] (Two pairs : Tens and 7)
oki1023 shows [5d Jd] (High card : Ace)
oki1023 collected 6573 from side pot 1
kris2307 collected 33729 from main pot
*** SUMMARY ***
Total pot 40302 | No rake
Board: [8d 7c Tc Ad 4h]
Seat 1: oki1023 showed [5d Jd] and won 6573 with High card : Ace
Seat 2: sacristef showed [Ac Qd] and lost with One pair : Aces
Seat 9: kris2307 (big blind) showed [Td 7s] and won 33729 with Two pairs : Tens and 7


Winamax Poker - Tournament "Freeroll" buyIn: Free level: 17 - HandId: #541159200621854969-48-1439389763 - Holdem no limit (160/800/1600) - 2015/08/12 14:29:23 UTC
Table: 'Freeroll(125998445)#248' 9-max (real money) Seat #8 is the button
Seat 1: oki1023 (35379)
Seat 3: dolef (16885)
Seat 4: fullnobeat (33127)
Seat 5: icekush (7911)
Seat 6: PoneyKlub (33484)
Seat 7: manggy94 (45438)
Seat 8: pong45 (15166)
Seat 9: kris2307 (33729)
*** ANTE/BLINDS ***
kris2307 posts ante 160
oki1023 posts ante 160
dolef posts ante 160
fullnobeat posts ante 160
icekush posts ante 160
PoneyKlub posts ante 160
manggy94 posts ante 160
pong45 posts ante 160
kris2307 posts small blind 800
oki1023 posts big blind 1600
Dealt to manggy94 [9h Js]
*** PRE-FLOP *** 
dolef folds
fullnobeat folds
icekush raises 6151 to 7751 and is all-in
PoneyKlub raises 25573 to 33324 and is all-in
manggy94 folds
pong45 folds
kris2307 folds
oki1023 folds
*** FLOP *** [9c 3c Qd]
*** TURN *** [9c 3c Qd][7c]
*** RIVER *** [9c 3c Qd 7c][8s]
*** SHOW DOWN ***
icekush shows [Ad Th] (High card : Ace)
PoneyKlub shows [Ah 4c] (High card : Ace)
PoneyKlub collected 25573 from side pot 1
icekush collected 19182 from main pot
*** SUMMARY ***
Total pot 44755 | No rake
Board: [9c 3c Qd 7c 8s]
Seat 5: icekush showed [Ad Th] and won 19182 with High card : Ace
Seat 6: PoneyKlub showed [Ah 4c] and won 25573 with High card : Ace


Winamax Poker - Tournament "Freeroll" buyIn: Free level: 18 - HandId: #541159200621854969-49-1439389825 - Holdem no limit (200/1000/2000) - 2015/08/12 14:30:25 UTC
Table: 'Freeroll(125998445)#248' 9-max (real money) Seat #9 is the button
Seat 1: oki1023 (33619)
Seat 2: BUTIA974 (29366)
Seat 3: dolef (16725)
Seat 4: fullnobeat (32967)
Seat 5: icekush (19182)
Seat 6: PoneyKlub (25573)
Seat 7: manggy94 (45278)
Seat 8: pong45 (15006)
Seat 9: kris2307 (32769)
*** ANTE/BLINDS ***
oki1023 posts ante 200
BUTIA974 posts ante 200
dolef posts ante 200
fullnobeat posts ante 200
icekush posts ante 200
PoneyKlub posts ante 200
manggy94 posts ante 200
pong45 posts ante 200
kris2307 posts ante 200
oki1023 posts small blind 1000
BUTIA974 posts big blind 2000
Dealt to manggy94 [Qd 3s]
*** PRE-FLOP *** 
dolef folds
fullnobeat folds
icekush folds
PoneyKlub folds
manggy94 folds
pong45 folds
kris2307 calls 2000
oki1023 calls 1000
BUTIA974 checks
*** FLOP *** [Kh 8d Jh]
oki1023 checks
BUTIA974 checks
kris2307 checks
*** TURN *** [Kh 8d Jh][Ks]
oki1023 checks
BUTIA974 bets 2000
kris2307 folds
oki1023 folds
BUTIA974 collected 9800 from pot
*** SUMMARY ***
Total pot 9800 | No rake
Board: [Kh 8d Jh Ks]
Seat 2: BUTIA974 (big blind) won 9800


Winamax Poker - Tournament "Freeroll" buyIn: Free level: 18 - HandId: #541159200621854969-50-1439389904 - Holdem no limit (200/1000/2000) - 2015/08/12 14:31:44 UTC
Table: 'Freeroll(125998445)#248' 9-max (real money) Seat #1 is the button
Seat 1: oki1023 (31419)
Seat 2: BUTIA974 (34966)
Seat 3: dolef (16525)
Seat 4: fullnobeat (32767)
Seat 5: icekush (18982)
Seat 6: PoneyKlub (25373)
Seat 7: manggy94 (45078)
Seat 8: pong45 (14806)
Seat 9: kris2307 (30569)
*** ANTE/BLINDS ***
BUTIA974 posts ante 200
dolef posts ante 200
oki1023 posts ante 200
fullnobeat posts ante 200
icekush posts ante 200
PoneyKlub posts ante 200
manggy94 posts ante 200
pong45 posts ante 200
kris2307 posts ante 200
BUTIA974 posts small blind 1000
dolef posts big blind 2000
Dealt to manggy94 [9h Tc]
*** PRE-FLOP *** 
fullnobeat folds
icekush raises 16782 to 18782 and is all-in
PoneyKlub raises 6391 to 25173 and is all-in
manggy94 folds
pong45 folds
kris2307 folds
oki1023 folds
BUTIA974 folds
dolef calls 14325 and is all-in
*** FLOP *** [6s Kc Ac]
*** TURN *** [6s Kc Ac][7d]
*** RIVER *** [6s Kc Ac 7d][8h]
*** SHOW DOWN ***
dolef shows [Ks Kd] (Trips of Kings)
icekush shows [Ah 7h] (Two pairs : Aces and 7)
PoneyKlub shows [Qc Jh] (High card : Ace)
PoneyKlub collected 6391 from side pot 2
icekush collected 4914 from side pot 1
dolef collected 51775 from main pot
*** SUMMARY ***
Total pot 63080 | No rake
Board: [6s Kc Ac 7d 8h]
Seat 3: dolef (big blind) showed [Ks Kd] and won 51775 with Trips of Kings
Seat 5: icekush showed [Ah 7h] and won 4914 with Two pairs : Aces and 7
Seat 6: PoneyKlub showed [Qc Jh] and won 6391 with High card : Ace


Winamax Poker - Tournament "Freeroll" buyIn: Free level: 19 - HandId: #541159200621854969-51-1439389947 - Holdem no limit (250/1250/2500) - 2015/08/12 14:32:27 UTC
Table: 'Freeroll(125998445)#248' 9-max (real money) Seat #2 is the button
Seat 1: oki1023 (31219)
Seat 2: BUTIA974 (33766)
Seat 3: dolef (51775)
Seat 4: fullnobeat (32567)
Seat 5: icekush (4914)
Seat 6: PoneyKlub (6391)
Seat 7: manggy94 (44878)
Seat 8: pong45 (14606)
Seat 9: kris2307 (30369)
*** ANTE/BLINDS ***
dolef posts ante 250
fullnobeat posts ante 250
oki1023 posts ante 250
BUTIA974 posts ante 250
icekush posts ante 250
PoneyKlub posts ante 250
manggy94 posts ante 250
pong45 posts ante 250
kris2307 posts ante 250
dolef posts small blind 1250
fullnobeat posts big blind 2500
Dealt to manggy94 [7c Jh]
*** PRE-FLOP *** 
icekush folds
PoneyKlub raises 3641 to 6141 and is all-in
manggy94 folds
pong45 folds
kris2307 folds
oki1023 calls 6141
BUTIA974 folds
dolef folds
fullnobeat folds
*** FLOP *** [Qh 3h 6h]
*** TURN *** [Qh 3h 6h][Js]
*** RIVER *** [Qh 3h 6h Js][6s]
*** SHOW DOWN ***
PoneyKlub shows [As 8c] (One pair : 6)
oki1023 shows [Kh Ad] (One pair : 6)
oki1023 collected 18282 from pot
*** SUMMARY ***
Total pot 18282 | No rake
Board: [Qh 3h 6h Js 6s]
Seat 1: oki1023 showed [Kh Ad] and won 18282 with One pair : 6
Seat 6: PoneyKlub showed [As 8c] and lost with One pair : 6


Winamax Poker - Tournament "Freeroll" buyIn: Free level: 19 - HandId: #541159200621854969-52-1439389988 - Holdem no limit (250/1250/2500) - 2015/08/12 14:33:08 UTC
Table: 'Freeroll(125998445)#248' 9-max (real money) Seat #3 is the button
Seat 1: oki1023 (43110)
Seat 2: BUTIA974 (33516)
Seat 3: dolef (50275)
Seat 4: fullnobeat (29817)
Seat 5: icekush (4664)
Seat 6: Brown Nino (2451)
Seat 7: manggy94 (44628)
Seat 8: pong45 (14356)
Seat 9: kris2307 (30119)
*** ANTE/BLINDS ***
fullnobeat posts ante 250
icekush posts ante 250
oki1023 posts ante 250
BUTIA974 posts ante 250
dolef posts ante 250
Brown Nino posts ante 250
manggy94 posts ante 250
pong45 posts ante 250
kris2307 posts ante 250
fullnobeat posts small blind 1250
icekush posts big blind 2500
Dealt to manggy94 [9d 9c]
*** PRE-FLOP *** 
Brown Nino calls 2201 and is all-in
manggy94 calls 2500
pong45 folds
kris2307 folds
oki1023 calls 2500
BUTIA974 raises 5000 to 7500
dolef folds
fullnobeat folds
icekush calls 1914 and is all-in
manggy94 calls 5000
oki1023 folds
*** FLOP *** [2c 5h Jd]
manggy94 checks
BUTIA974 bets 10000
manggy94 folds
*** TURN *** [2c 5h Jd][9h]
*** RIVER *** [2c 5h Jd 9h][Qc]
*** SHOW DOWN ***
Brown Nino shows [5d Ac] (One pair : 5)
icekush shows [3c 5c] (One pair : 5)
BUTIA974 shows [As 6s] (High card : Ace)
BUTIA974 collected 16172 from side pot 2
icekush collected 6938 from side pot 1
Brown Nino collected 14505 from main pot
*** SUMMARY ***
Total pot 37615 | No rake
Board: [2c 5h Jd 9h Qc]
Seat 2: BUTIA974 showed [As 6s] and won 16172 with High card : Ace
Seat 5: icekush (big blind) showed [3c 5c] and won 6938 with One pair : 5
Seat 6: Brown Nino showed [5d Ac] and won 14505 with One pair : 5


Winamax Poker - Tournament "Freeroll" buyIn: Free level: 19 - HandId: #541159200621854969-53-1439390057 - Holdem no limit (250/1250/2500) - 2015/08/12 14:34:17 UTC
Table: 'Freeroll(125998445)#248' 9-max (real money) Seat #4 is the button
Seat 1: oki1023 (40360)
Seat 2: BUTIA974 (31938)
Seat 3: dolef (50025)
Seat 4: fullnobeat (28317)
Seat 5: icekush (6938)
Seat 6: Brown Nino (14505)
Seat 7: manggy94 (36878)
Seat 8: pong45 (14106)
Seat 9: kris2307 (29869)
*** ANTE/BLINDS ***
icekush posts ante 250
Brown Nino posts ante 250
oki1023 posts ante 250
BUTIA974 posts ante 250
dolef posts ante 250
fullnobeat posts ante 250
manggy94 posts ante 250
pong45 posts ante 250
kris2307 posts ante 250
icekush posts small blind 1250
Brown Nino posts big blind 2500
Dealt to manggy94 [Tc 3c]
*** PRE-FLOP *** 
manggy94 folds
pong45 folds
kris2307 calls 2500
oki1023 folds
BUTIA974 folds
dolef folds
fullnobeat folds
icekush folds
Brown Nino checks
*** FLOP *** [9c 8h Kh]
Brown Nino bets 2500
kris2307 raises 2500 to 5000
Brown Nino raises 6755 to 11755 and is all-in
kris2307 folds
Brown Nino collected 25255 from pot
*** SUMMARY ***
Total pot 25255 | No rake
Board: [9c 8h Kh]
Seat 6: Brown Nino (big blind) won 25255


Winamax Poker - Tournament "Freeroll" buyIn: Free level: 19 - HandId: #541159200621854969-54-1439390092 - Holdem no limit (250/1250/2500) - 2015/08/12 14:34:52 UTC
Table: 'Freeroll(125998445)#248' 9-max (real money) Seat #5 is the button
Seat 1: oki1023 (40110)
Seat 2: BUTIA974 (31688)
Seat 3: dolef (49775)
Seat 4: fullnobeat (28067)
Seat 5: icekush (5438)
Seat 6: Brown Nino (25255)
Seat 7: manggy94 (36628)
Seat 8: pong45 (13856)
Seat 9: kris2307 (22119)
*** ANTE/BLINDS ***
Brown Nino posts ante 250
manggy94 posts ante 250
oki1023 posts ante 250
BUTIA974 posts ante 250
dolef posts ante 250
fullnobeat posts ante 250
icekush posts ante 250
pong45 posts ante 250
kris2307 posts ante 250
Brown Nino posts small blind 1250
manggy94 posts big blind 2500
Dealt to manggy94 [9s Td]
*** PRE-FLOP *** 
pong45 folds
kris2307 folds
oki1023 folds
BUTIA974 folds
dolef folds
fullnobeat folds
icekush folds
Brown Nino folds
manggy94 collected 6000 from pot
*** SUMMARY ***
Total pot 6000 | No rake
Seat 7: manggy94 (big blind) won 6000


Winamax Poker - Tournament "Freeroll" buyIn: Free level: 19 - HandId: #541159200621854984-70-1439390119 - Holdem no limit (250/1250/2500) - 2015/08/12 14:35:19 UTC
Table: 'Freeroll(125998445)#263' 9-max (real money) Seat #5 is the button
Seat 1: Pixies69 (18177)
Seat 2: fleuron26100 (54078)
Seat 3: chayen (32349)
Seat 4: andyKIKI (15704)
Seat 5: Fefefe69 (13310)
Seat 6: manggy94 (39878)
Seat 7: theovall (35325)
Seat 8: harissa35 (46247)
Seat 9: Charles12 (8930)
*** ANTE/BLINDS ***
theovall posts ante 250
Pixies69 posts ante 250
fleuron26100 posts ante 250
chayen posts ante 250
andyKIKI posts ante 250
Fefefe69 posts ante 250
harissa35 posts ante 250
Charles12 posts ante 250
theovall posts big blind 2500
*** PRE-FLOP *** 
harissa35 folds
Charles12 raises 6180 to 8680 and is all-in
Pixies69 folds
fleuron26100 folds
chayen raises 23419 to 32099 and is all-in
andyKIKI folds
Fefefe69 folds
theovall folds
*** FLOP *** [Ah 6s Qh]
*** TURN *** [Ah 6s Qh][8h]
*** RIVER *** [Ah 6s Qh 8h][3d]
*** SHOW DOWN ***
Charles12 shows [9d 9s] (One pair : 9)
chayen shows [Ad Js] (One pair : Aces)
chayen collected 45279 from pot
*** SUMMARY ***
Total pot 45279 | No rake
Board: [Ah 6s Qh 8h 3d]
Seat 3: chayen showed [Ad Js] and won 45279 with One pair : Aces
Seat 9: Charles12 showed [9d 9s] and lost with One pair : 9


Winamax Poker - Tournament "Freeroll" buyIn: Free level: 20 - HandId: #541159200621855128-47-1439390171 - Holdem no limit (350/1500/3000) - 2015/08/12 14:36:11 UTC
Table: 'Freeroll(125998445)#407' 9-max (real money) Seat #6 is the button
Seat 1: Madininna (28302)
Seat 2: Sosobb (56490)
Seat 3: philou2676 (18068)
Seat 4: onetwo84 (35220)
Seat 5: Dens86000 (32863)
Seat 7: PolakAA (45244)
Seat 8: manggy94 (39878)
Seat 9: Sam1976 (10485)
*** ANTE/BLINDS ***
PolakAA posts ante 350
manggy94 posts ante 350
Madininna posts ante 350
Sosobb posts ante 350
philou2676 posts ante 350
onetwo84 posts ante 350
Dens86000 posts ante 350
Sam1976 posts ante 350
PolakAA posts small blind 1500
manggy94 posts big blind 3000
Dealt to manggy94 [Jd 3d]
*** PRE-FLOP *** 
Sam1976 folds
Madininna folds
Sosobb folds
philou2676 folds
onetwo84 folds
Dens86000 folds
PolakAA folds
manggy94 collected 7300 from pot
*** SUMMARY ***
Total pot 7300 | No rake
Seat 8: manggy94 (big blind) won 7300


Winamax Poker - Tournament "Freeroll" buyIn: Free level: 20 - HandId: #541159200621855128-48-1439390302 - Holdem no limit (350/1500/3000) - 2015/08/12 14:38:22 UTC
Table: 'Freeroll(125998445)#407' 9-max (real money) Seat #7 is the button
Seat 1: Madininna (27952)
Seat 2: Sosobb (56140)
Seat 3: philou2676 (17718)
Seat 4: onetwo84 (34870)
Seat 5: Dens86000 (32513)
Seat 7: PolakAA (43394)
Seat 8: manggy94 (43828)
Seat 9: Sam1976 (10135)
*** ANTE/BLINDS ***
manggy94 posts ante 350
Sam1976 posts ante 350
Madininna posts ante 350
Sosobb posts ante 350
philou2676 posts ante 350
onetwo84 posts ante 350
Dens86000 posts ante 350
PolakAA posts ante 350
manggy94 posts small blind 1500
Sam1976 posts big blind 3000
Dealt to manggy94 [Kd Qc]
*** PRE-FLOP *** 
Madininna calls 3000
Sosobb folds
philou2676 raises 14368 to 17368 and is all-in
onetwo84 folds
Dens86000 folds
PolakAA folds
manggy94 calls 15868
Sam1976 calls 6785 and is all-in
Madininna calls 14368
*** FLOP *** [Kh Jc 4s]
manggy94 bets 26110 and is all-in
Madininna calls 10234 and is all-in
*** TURN *** [Kh Jc 4s][7s]
*** RIVER *** [Kh Jc 4s 7s][5c]
*** SHOW DOWN ***
Madininna shows [3d Ad] (High card : Ace)
philou2676 shows [6d 7d] (One pair : 7)
Sam1976 shows [Tc 9d] (High card : King)
manggy94 shows [Kd Qc] (One pair : Kings)
manggy94 collected 101033 from pot
*** SUMMARY ***
Total pot 101033 | No rake
Board: [Kh Jc 4s 7s 5c]
Seat 1: Madininna showed [3d Ad] and lost with High card : Ace
Seat 3: philou2676 showed [6d 7d] and lost with One pair : 7
Seat 8: manggy94 (small blind) showed [Kd Qc] and won 101033 with One pair : Kings
Seat 9: Sam1976 (big blind) showed [Tc 9d] and lost with High card : King


Winamax Poker - Tournament "Freeroll" buyIn: Free level: 21 - HandId: #541159200621855128-49-1439390427 - Holdem no limit (400/2000/4000) - 2015/08/12 14:40:27 UTC
Table: 'Freeroll(125998445)#407' 9-max (real money) Seat #8 is the button
Seat 1: mulcain (20500)
Seat 2: Sosobb (55790)
Seat 3: raphael3434 (64585)
Seat 4: onetwo84 (34520)
Seat 5: Dens86000 (32163)
Seat 6: melog (17680)
Seat 7: PolakAA (43044)
Seat 8: manggy94 (101033)
Seat 9: sandaliers (81299)
*** ANTE/BLINDS ***
mulcain posts ante 400
Sosobb posts ante 400
raphael3434 posts ante 400
onetwo84 posts ante 400
Dens86000 posts ante 400
melog posts ante 400
PolakAA posts ante 400
manggy94 posts ante 400
mulcain posts big blind 4000
Dealt to manggy94 [8s 9s]
*** PRE-FLOP *** 
Sosobb folds
raphael3434 folds
onetwo84 folds
Dens86000 folds
melog folds
PolakAA folds
manggy94 calls 4000
mulcain checks
*** FLOP *** [Jc Js Ad]
mulcain bets 4000
manggy94 raises 19200 to 23200
mulcain calls 12100 and is all-in
*** TURN *** [Jc Js Ad][3d]
*** RIVER *** [Jc Js Ad 3d][7d]
*** SHOW DOWN ***
mulcain shows [Jd Qs] (Trips of Jacks)
manggy94 shows [8s 9s] (One pair : Jacks)
manggy94 collected 7100 from side pot 1
mulcain collected 43400 from main pot
*** SUMMARY ***
Total pot 50500 | No rake
Board: [Jc Js Ad 3d 7d]
Seat 1: mulcain (big blind) showed [Jd Qs] and won 43400 with Trips of Jacks
Seat 8: manggy94 (button) showed [8s 9s] and won 7100 with One pair : Jacks


Winamax Poker - Tournament "Freeroll" buyIn: Free level: 21 - HandId: #541159200621855128-50-1439390480 - Holdem no limit (400/2000/4000) - 2015/08/12 14:41:20 UTC
Table: 'Freeroll(125998445)#407' 9-max (real money) Seat #9 is the button
Seat 1: mulcain (43400)
Seat 2: Sosobb (55390)
Seat 3: raphael3434 (64185)
Seat 4: onetwo84 (34120)
Seat 5: Dens86000 (31763)
Seat 6: melog (17280)
Seat 8: manggy94 (80533)
Seat 9: sandaliers (81299)
*** ANTE/BLINDS ***
mulcain posts ante 400
Sosobb posts ante 400
raphael3434 posts ante 400
onetwo84 posts ante 400
Dens86000 posts ante 400
melog posts ante 400
manggy94 posts ante 400
mulcain posts small blind 2000
Sosobb posts big blind 4000
Dealt to manggy94 [9s 2d]
*** PRE-FLOP *** 
raphael3434 folds
onetwo84 calls 4000
Dens86000 folds
melog raises 12880 to 16880 and is all-in
manggy94 folds
mulcain calls 14880
Sosobb folds
onetwo84 raises 16840 to 33720 and is all-in
mulcain calls 16840
*** FLOP *** [7d 3h 5c]
*** TURN *** [7d 3h 5c][6c]
*** RIVER *** [7d 3h 5c 6c][8h]
*** SHOW DOWN ***
melog shows [Td Ad] (High card : Ace)
mulcain shows [Ac Kh] (High card : Ace)
onetwo84 shows [As Kc] (High card : Ace)
onetwo84 collected 45560 from pot
mulcain collected 45560 from pot
*** SUMMARY ***
Total pot 91120 | No rake
Board: [7d 3h 5c 6c 8h]
Seat 1: mulcain (small blind) showed [Ac Kh] and won 45560 with High card : Ace
Seat 4: onetwo84 showed [As Kc] and won 45560 with High card : Ace
Seat 6: melog showed [Td Ad] and lost with High card : Ace


Winamax Poker - Tournament "Freeroll" buyIn: Free level: 22 - HandId: #541159200621855128-51-1439390518 - Holdem no limit (500/2500/5000) - 2015/08/12 14:41:58 UTC
Table: 'Freeroll(125998445)#407' 9-max (real money) Seat #1 is the button
Seat 1: mulcain (54840)
Seat 2: Sosobb (50990)
Seat 3: raphael3434 (63785)
Seat 4: onetwo84 (45560)
Seat 5: Dens86000 (31363)
Seat 7: paillol34 (16828)
Seat 8: manggy94 (80133)
Seat 9: sandaliers (81299)
*** ANTE/BLINDS ***
Sosobb posts ante 500
raphael3434 posts ante 500
mulcain posts ante 500
onetwo84 posts ante 500
Dens86000 posts ante 500
paillol34 posts ante 500
manggy94 posts ante 500
sandaliers posts ante 500
Sosobb posts small blind 2500
raphael3434 posts big blind 5000
Dealt to manggy94 [Th Ah]
*** PRE-FLOP *** 
onetwo84 folds
Dens86000 folds
paillol34 folds
manggy94 calls 5000
sandaliers folds
mulcain folds
Sosobb raises 5000 to 10000
raphael3434 calls 5000
manggy94 calls 5000
*** FLOP *** [6h 9d 9h]
Sosobb bets 40490 and is all-in
raphael3434 folds
manggy94 calls 40490
*** TURN *** [6h 9d 9h][Ts]
*** RIVER *** [6h 9d 9h Ts][7d]
*** SHOW DOWN ***
manggy94 shows [Th Ah] (Two pairs : Tens and 9)
Sosobb shows [8s Jh] (Straight Jack high)
Sosobb collected 114980 from pot
*** SUMMARY ***
Total pot 114980 | No rake
Board: [6h 9d 9h Ts 7d]
Seat 2: Sosobb (small blind) showed [8s Jh] and won 114980 with Straight Jack high
Seat 8: manggy94 showed [Th Ah] and lost with Two pairs : Tens and 9


Winamax Poker - Tournament "Freeroll" buyIn: Free level: 22 - HandId: #541159200621855128-52-1439390560 - Holdem no limit (500/2500/5000) - 2015/08/12 14:42:40 UTC
Table: 'Freeroll(125998445)#407' 9-max (real money) Seat #2 is the button
Seat 1: mulcain (54340)
Seat 2: Sosobb (114980)
Seat 3: raphael3434 (53285)
Seat 4: onetwo84 (45060)
Seat 5: Dens86000 (30863)
Seat 6: fullnobeat (26067)
Seat 7: paillol34 (16328)
Seat 8: manggy94 (29143)
Seat 9: sandaliers (80799)
*** ANTE/BLINDS ***
raphael3434 posts ante 500
onetwo84 posts ante 500
mulcain posts ante 500
Sosobb posts ante 500
Dens86000 posts ante 500
fullnobeat posts ante 500
paillol34 posts ante 500
manggy94 posts ante 500
sandaliers posts ante 500
raphael3434 posts small blind 2500
onetwo84 posts big blind 5000
Dealt to manggy94 [8c 5h]
*** PRE-FLOP *** 
Dens86000 folds
fullnobeat folds
paillol34 folds
manggy94 folds
sandaliers folds
mulcain calls 5000
Sosobb folds
raphael3434 folds
onetwo84 checks
*** FLOP *** [Qc 5c 3d]
onetwo84 checks
mulcain bets 15000
onetwo84 folds
mulcain collected 32000 from pot
*** SUMMARY ***
Total pot 32000 | No rake
Board: [Qc 5c 3d]
Seat 1: mulcain won 32000


Winamax Poker - Tournament "Freeroll" buyIn: Free level: 22 - HandId: #541159200621855128-53-1439390623 - Holdem no limit (500/2500/5000) - 2015/08/12 14:43:43 UTC
Table: 'Freeroll(125998445)#407' 9-max (real money) Seat #3 is the button
Seat 1: mulcain (65840)
Seat 2: Sosobb (114480)
Seat 3: raphael3434 (50285)
Seat 5: Dens86000 (30363)
Seat 6: fullnobeat (25567)
Seat 7: paillol34 (15828)
Seat 8: manggy94 (28643)
Seat 9: sandaliers (80299)
*** ANTE/BLINDS ***
Dens86000 posts ante 500
mulcain posts ante 500
Sosobb posts ante 500
raphael3434 posts ante 500
fullnobeat posts ante 500
paillol34 posts ante 500
manggy94 posts ante 500
sandaliers posts ante 500
Dens86000 posts big blind 5000
Dealt to manggy94 [Qh Tc]
*** PRE-FLOP *** 
fullnobeat raises 20067 to 25067 and is all-in
paillol34 folds
manggy94 folds
sandaliers folds
mulcain folds
Sosobb folds
raphael3434 folds
Dens86000 folds
fullnobeat collected 34067 from pot
*** SUMMARY ***
Total pot 34067 | No rake
Seat 6: fullnobeat won 34067


Winamax Poker - Tournament "Freeroll" buyIn: Free level: 22 - HandId: #541159200621855128-54-1439390654 - Holdem no limit (500/2500/5000) - 2015/08/12 14:44:14 UTC
Table: 'Freeroll(125998445)#407' 9-max (real money) Seat #4 is the button
Seat 1: mulcain (65340)
Seat 2: Sosobb (113980)
Seat 3: raphael3434 (49785)
Seat 4: LeBibou64 (43077)
Seat 5: Dens86000 (24863)
Seat 6: fullnobeat (34067)
Seat 7: paillol34 (15328)
Seat 8: manggy94 (28143)
Seat 9: sandaliers (79799)
*** ANTE/BLINDS ***
Dens86000 posts ante 500
fullnobeat posts ante 500
mulcain posts ante 500
Sosobb posts ante 500
raphael3434 posts ante 500
paillol34 posts ante 500
manggy94 posts ante 500
sandaliers posts ante 500
Dens86000 posts small blind 2500
fullnobeat posts big blind 5000
Dealt to manggy94 [Jh Qh]
*** PRE-FLOP *** 
paillol34 folds
manggy94 calls 5000
sandaliers folds
mulcain folds
Sosobb folds
raphael3434 folds
Dens86000 raises 19363 to 24363 and is all-in
fullnobeat raises 9204 to 33567 and is all-in
manggy94 calls 22643 and is all-in
*** FLOP *** [Kc 8h 2s]
*** TURN *** [Kc 8h 2s][2c]
*** RIVER *** [Kc 8h 2s 2c][3d]
*** SHOW DOWN ***
Dens86000 shows [Qd Th] (One pair : 2)
manggy94 shows [Jh Qh] (One pair : 2)
fullnobeat shows [Kh Ac] (Two pairs : Kings and 2)
fullnobeat collected 89573 from pot
*** SUMMARY ***
Total pot 89573 | No rake
Board: [Kc 8h 2s 2c 3d]
Seat 5: Dens86000 (small blind) showed [Qd Th] and lost with One pair : 2
Seat 6: fullnobeat (big blind) showed [Kh Ac] and won 89573 with Two pairs : Kings and 2
Seat 8: manggy94 showed [Jh Qh] and lost with One pair : 2


