Winamax Poker - Tournament "Freeroll" buyIn: Free level: 7 - HandId: #545010802738856043-14-1440268696 - Holdem no limit (15/75/150) - 2015/08/22 18:38:16 UTC
Table: 'Freeroll(126895216)#0106' 9-max (real money) Seat #1 is the button
Seat 1: manggy94 (3000)
Seat 2: AAmanullah (2725)
Seat 3: hechris (5715)
Seat 4: BANGOMA976 (2705)
Seat 5: Moussdaddy (2735)
Seat 6: _MasterYoda_ (2715)
Seat 7: Quick31 (2730)
Seat 8: steel_dandy (2775)
Seat 9: POKERBOYMAN (1050)
*** ANTE/BLINDS ***
AAmanullah posts ante 15
hechris posts ante 15
BANGOMA976 posts ante 15
Moussdaddy posts ante 15
_MasterYoda_ posts ante 15
Quick31 posts ante 15
steel_dandy posts ante 15
POKERBOYMAN posts ante 15
AAmanullah posts small blind 75
hechris posts big blind 150
*** PRE-FLOP *** 
BANGOMA976 folds
Moussdaddy folds
_MasterYoda_ folds
Quick31 calls 150
steel_dandy folds
POKERBOYMAN folds
AAmanullah folds
hechris checks
*** FLOP *** [Jc 5h 6c]
hechris checks
Quick31 checks
*** TURN *** [Jc 5h 6c][As]
hechris checks
Quick31 bets 150
hechris calls 150
*** RIVER *** [Jc 5h 6c As][Qd]
hechris checks
Quick31 bets 150
hechris calls 150
*** SHOW DOWN ***
hechris shows [6d 3d] (One pair : 6)
Quick31 shows [9s Ac] (One pair : Aces)
Quick31 collected 1095 from pot
*** SUMMARY ***
Total pot 1095 | No rake
Board: [Jc 5h 6c As Qd]
Seat 3: hechris (big blind) showed [6d 3d] and lost with One pair : 6
Seat 7: Quick31 showed [9s Ac] and won 1095 with One pair : Aces


Winamax Poker - Tournament "Freeroll" buyIn: Free level: 7 - HandId: #545010802738856426-15-1440268757 - Holdem no limit (15/75/150) - 2015/08/22 18:39:17 UTC
Table: 'Freeroll(126895216)#0489' 9-max (real money) Seat #3 is the button
Seat 1: roseyann (2810)
Seat 2: black sails (2770)
Seat 3: joceber (20189)
Seat 4: Rom2810 (3545)
Seat 5: jodu31 (6840)
Seat 6: pipaule (2650)
Seat 7: manggy94 (3000)
Seat 8: alex34250 (3195)
Seat 9: tiara64 (2695)
*** ANTE/BLINDS ***
Rom2810 posts ante 15
jodu31 posts ante 15
roseyann posts ante 15
black sails posts ante 15
joceber posts ante 15
pipaule posts ante 15
manggy94 posts ante 15
alex34250 posts ante 15
tiara64 posts ante 15
Rom2810 posts small blind 75
jodu31 posts big blind 150
Dealt to manggy94 [7s 6s]
*** PRE-FLOP *** 
pipaule folds
manggy94 folds
alex34250 calls 150
tiara64 folds
roseyann folds
black sails folds
joceber calls 150
Rom2810 folds
jodu31 checks
*** FLOP *** [2c Th 5s]
jodu31 checks
alex34250 bets 150
joceber calls 150
jodu31 folds
*** TURN *** [2c Th 5s][Qh]
alex34250 bets 300
joceber folds
alex34250 collected 1260 from pot
*** SUMMARY ***
Total pot 1260 | No rake
Board: [2c Th 5s Qh]
Seat 8: alex34250 won 1260


Winamax Poker - Tournament "Freeroll" buyIn: Free level: 9 - HandId: #545010802738856426-16-1440268959 - Holdem no limit (25/125/250) - 2015/08/22 18:42:39 UTC
Table: 'Freeroll(126895216)#0489' 9-max (real money) Seat #4 is the button
Seat 1: roseyann (2795)
Seat 2: black sails (2755)
Seat 3: joceber (19874)
Seat 4: Rom2810 (3455)
Seat 5: jodu31 (6675)
Seat 6: pipaule (2635)
Seat 7: manggy94 (2985)
Seat 8: alex34250 (3840)
Seat 9: tiara64 (2680)
*** ANTE/BLINDS ***
jodu31 posts ante 25
pipaule posts ante 25
roseyann posts ante 25
black sails posts ante 25
joceber posts ante 25
Rom2810 posts ante 25
manggy94 posts ante 25
alex34250 posts ante 25
tiara64 posts ante 25
jodu31 posts small blind 125
pipaule posts big blind 250
Dealt to manggy94 [7d 2c]
*** PRE-FLOP *** 
manggy94 folds
alex34250 folds
tiara64 folds
roseyann folds
black sails folds
joceber calls 250
Rom2810 folds
jodu31 calls 125
pipaule folds
*** FLOP *** [Th 3s 8d]
jodu31 bets 6400 and is all-in
joceber folds
jodu31 collected 7375 from pot
*** SUMMARY ***
Total pot 7375 | No rake
Board: [Th 3s 8d]
Seat 5: jodu31 (small blind) won 7375


Winamax Poker - Tournament "Freeroll" buyIn: Free level: 9 - HandId: #545010802738856426-17-1440269038 - Holdem no limit (25/125/250) - 2015/08/22 18:43:58 UTC
Table: 'Freeroll(126895216)#0489' 9-max (real money) Seat #5 is the button
Seat 1: roseyann (2770)
Seat 2: black sails (2730)
Seat 3: joceber (19599)
Seat 4: Rom2810 (3430)
Seat 5: jodu31 (7375)
Seat 6: pipaule (2360)
Seat 7: manggy94 (2960)
Seat 8: alex34250 (3815)
Seat 9: tiara64 (2655)
*** ANTE/BLINDS ***
pipaule posts ante 25
manggy94 posts ante 25
roseyann posts ante 25
black sails posts ante 25
joceber posts ante 25
Rom2810 posts ante 25
jodu31 posts ante 25
alex34250 posts ante 25
tiara64 posts ante 25
pipaule posts small blind 125
manggy94 posts big blind 250
Dealt to manggy94 [Kc 6d]
*** PRE-FLOP *** 
alex34250 calls 250
tiara64 folds
roseyann folds
black sails folds
joceber calls 250
Rom2810 calls 250
jodu31 folds
pipaule folds
manggy94 checks
*** FLOP *** [5s 7d 8h]
manggy94 checks
alex34250 checks
joceber checks
Rom2810 bets 3155 and is all-in
manggy94 folds
alex34250 folds
joceber folds
Rom2810 collected 4505 from pot
*** SUMMARY ***
Total pot 4505 | No rake
Board: [5s 7d 8h]
Seat 4: Rom2810 won 4505


Winamax Poker - Tournament "Freeroll" buyIn: Free level: 9 - HandId: #545010802738856426-18-1440269106 - Holdem no limit (25/125/250) - 2015/08/22 18:45:06 UTC
Table: 'Freeroll(126895216)#0489' 9-max (real money) Seat #6 is the button
Seat 1: roseyann (2745)
Seat 2: black sails (2705)
Seat 3: joceber (19324)
Seat 4: Rom2810 (4505)
Seat 5: jodu31 (7350)
Seat 6: pipaule (2210)
Seat 7: manggy94 (2685)
Seat 8: alex34250 (3540)
Seat 9: tiara64 (2630)
*** ANTE/BLINDS ***
manggy94 posts ante 25
alex34250 posts ante 25
roseyann posts ante 25
black sails posts ante 25
joceber posts ante 25
Rom2810 posts ante 25
jodu31 posts ante 25
pipaule posts ante 25
tiara64 posts ante 25
manggy94 posts small blind 125
alex34250 posts big blind 250
Dealt to manggy94 [Ah 6h]
*** PRE-FLOP *** 
tiara64 folds
roseyann folds
black sails folds
joceber calls 250
Rom2810 folds
jodu31 calls 250
pipaule folds
manggy94 raises 2410 to 2660 and is all-in
alex34250 folds
joceber folds
jodu31 folds
manggy94 collected 3635 from pot
*** SUMMARY ***
Total pot 3635 | No rake
Seat 7: manggy94 (small blind) won 3635


Winamax Poker - Tournament "Freeroll" buyIn: Free level: 10 - HandId: #545010802738856209-20-1440269186 - Holdem no limit (35/150/300) - 2015/08/22 18:46:26 UTC
Table: 'Freeroll(126895216)#0272' 9-max (real money) Seat #5 is the button
Seat 1: Keke42660 (14600)
Seat 2: Untameable (5700)
Seat 3: dxb78 (930)
Seat 4: La kinder (3135)
Seat 5: manggy94 (3635)
Seat 6: O-kan (2435)
Seat 7: speedyfredo (7217)
Seat 8: DEATHMETAL6 (3505)
Seat 9: rir78 (12640)
*** ANTE/BLINDS ***
O-kan posts ante 35
speedyfredo posts ante 35
Keke42660 posts ante 35
Untameable posts ante 35
dxb78 posts ante 35
La kinder posts ante 35
DEATHMETAL6 posts ante 35
rir78 posts ante 35
O-kan posts small blind 150
speedyfredo posts big blind 300
*** PRE-FLOP *** 
DEATHMETAL6 folds
rir78 folds
Keke42660 raises 900 to 1200
Untameable folds
dxb78 folds
La kinder folds
O-kan folds
speedyfredo calls 900
*** FLOP *** [3s 3d 9s]
speedyfredo checks
Keke42660 bets 1415
speedyfredo folds
Keke42660 collected 4245 from pot
*** SUMMARY ***
Total pot 4245 | No rake
Board: [3s 3d 9s]
Seat 1: Keke42660 won 4245


Winamax Poker - Tournament "Freeroll" buyIn: Free level: 10 - HandId: #545010802738856209-21-1440269243 - Holdem no limit (35/150/300) - 2015/08/22 18:47:23 UTC
Table: 'Freeroll(126895216)#0272' 9-max (real money) Seat #6 is the button
Seat 1: Keke42660 (16195)
Seat 2: Untameable (5665)
Seat 3: dxb78 (895)
Seat 5: manggy94 (3635)
Seat 6: O-kan (2250)
Seat 7: speedyfredo (5982)
Seat 8: DEATHMETAL6 (3470)
Seat 9: rir78 (12605)
*** ANTE/BLINDS ***
speedyfredo posts ante 35
DEATHMETAL6 posts ante 35
Keke42660 posts ante 35
Untameable posts ante 35
dxb78 posts ante 35
manggy94 posts ante 35
O-kan posts ante 35
rir78 posts ante 35
speedyfredo posts small blind 150
DEATHMETAL6 posts big blind 300
Dealt to manggy94 [Qd Th]
*** PRE-FLOP *** 
rir78 folds
Keke42660 raises 600 to 900
Untameable folds
dxb78 folds
manggy94 folds
O-kan folds
speedyfredo folds
DEATHMETAL6 calls 600
*** FLOP *** [3h 5d 3d]
DEATHMETAL6 checks
Keke42660 bets 1115
DEATHMETAL6 folds
Keke42660 collected 3345 from pot
*** SUMMARY ***
Total pot 3345 | No rake
Board: [3h 5d 3d]
Seat 1: Keke42660 won 3345


Winamax Poker - Tournament "Freeroll" buyIn: Free level: 11 - HandId: #545010802738856209-22-1440269326 - Holdem no limit (40/200/400) - 2015/08/22 18:48:46 UTC
Table: 'Freeroll(126895216)#0272' 9-max (real money) Seat #7 is the button
Seat 1: Keke42660 (17490)
Seat 2: Untameable (5630)
Seat 3: dxb78 (860)
Seat 4: LABETEDUBERY (7380)
Seat 5: manggy94 (3600)
Seat 6: O-kan (2215)
Seat 7: speedyfredo (5797)
Seat 8: DEATHMETAL6 (2535)
Seat 9: rir78 (12570)
*** ANTE/BLINDS ***
DEATHMETAL6 posts ante 40
rir78 posts ante 40
Keke42660 posts ante 40
Untameable posts ante 40
dxb78 posts ante 40
LABETEDUBERY posts ante 40
manggy94 posts ante 40
O-kan posts ante 40
speedyfredo posts ante 40
DEATHMETAL6 posts small blind 200
rir78 posts big blind 400
Dealt to manggy94 [Ts Qc]
*** PRE-FLOP *** 
Keke42660 raises 800 to 1200
Untameable folds
dxb78 folds
LABETEDUBERY folds
manggy94 folds
O-kan folds
speedyfredo folds
DEATHMETAL6 folds
rir78 folds
Keke42660 collected 2160 from pot
*** SUMMARY ***
Total pot 2160 | No rake
Seat 1: Keke42660 won 2160


Winamax Poker - Tournament "Freeroll" buyIn: Free level: 11 - HandId: #545010802738856209-23-1440269378 - Holdem no limit (40/200/400) - 2015/08/22 18:49:38 UTC
Table: 'Freeroll(126895216)#0272' 9-max (real money) Seat #8 is the button
Seat 1: Keke42660 (18410)
Seat 2: Untameable (5590)
Seat 3: dxb78 (820)
Seat 4: LABETEDUBERY (7340)
Seat 5: manggy94 (3560)
Seat 6: O-kan (2175)
Seat 7: speedyfredo (5757)
Seat 8: DEATHMETAL6 (2295)
Seat 9: rir78 (12130)
*** ANTE/BLINDS ***
rir78 posts ante 40
Keke42660 posts ante 40
Untameable posts ante 40
dxb78 posts ante 40
LABETEDUBERY posts ante 40
manggy94 posts ante 40
O-kan posts ante 40
speedyfredo posts ante 40
DEATHMETAL6 posts ante 40
rir78 posts small blind 200
Keke42660 posts big blind 400
Dealt to manggy94 [Jc 6d]
*** PRE-FLOP *** 
Untameable calls 400
dxb78 folds
LABETEDUBERY calls 400
manggy94 folds
O-kan folds
speedyfredo folds
DEATHMETAL6 calls 400
rir78 folds
Keke42660 raises 1200 to 1600
Untameable calls 1200
LABETEDUBERY calls 1200
DEATHMETAL6 raises 655 to 2255 and is all-in
Keke42660 calls 655
Untameable calls 655
LABETEDUBERY calls 655
*** FLOP *** [8d Th 4c]
Keke42660 checks
Untameable checks
LABETEDUBERY bets 5045 and is all-in
Keke42660 folds
Untameable folds
*** TURN *** [8d Th 4c][6h]
*** RIVER *** [8d Th 4c 6h][5s]
*** SHOW DOWN ***
DEATHMETAL6 shows [Ts Kd] (One pair : Tens)
LABETEDUBERY shows [8h 7d] (Straight 8 high)
LABETEDUBERY collected 14625 from pot
*** SUMMARY ***
Total pot 14625 | No rake
Board: [8d Th 4c 6h 5s]
Seat 4: LABETEDUBERY showed [8h 7d] and won 14625 with Straight 8 high
Seat 8: DEATHMETAL6 (button) showed [Ts Kd] and lost with One pair : Tens


Winamax Poker - Tournament "Freeroll" buyIn: Free level: 11 - HandId: #545010802738856209-24-1440269465 - Holdem no limit (40/200/400) - 2015/08/22 18:51:05 UTC
Table: 'Freeroll(126895216)#0272' 9-max (real money) Seat #9 is the button
Seat 1: Keke42660 (16115)
Seat 2: Untameable (3295)
Seat 3: dxb78 (780)
Seat 4: LABETEDUBERY (14625)
Seat 5: manggy94 (3520)
Seat 6: O-kan (2135)
Seat 7: speedyfredo (5717)
Seat 8: azote117 (1665)
Seat 9: rir78 (11890)
*** ANTE/BLINDS ***
Keke42660 posts ante 40
Untameable posts ante 40
dxb78 posts ante 40
LABETEDUBERY posts ante 40
manggy94 posts ante 40
O-kan posts ante 40
speedyfredo posts ante 40
azote117 posts ante 40
rir78 posts ante 40
Keke42660 posts small blind 200
Untameable posts big blind 400
Dealt to manggy94 [7d 2c]
*** PRE-FLOP *** 
dxb78 folds
LABETEDUBERY calls 400
manggy94 folds
O-kan folds
speedyfredo calls 400
azote117 folds
rir78 folds
Keke42660 calls 200
Untameable folds
*** FLOP *** [4h 4s 7c]
Keke42660 checks
LABETEDUBERY checks
speedyfredo checks
*** TURN *** [4h 4s 7c][Jh]
Keke42660 checks
LABETEDUBERY checks
speedyfredo checks
*** RIVER *** [4h 4s 7c Jh][8c]
Keke42660 checks
LABETEDUBERY checks
speedyfredo bets 5277 and is all-in
Keke42660 folds
LABETEDUBERY folds
speedyfredo collected 7237 from pot
*** SUMMARY ***
Total pot 7237 | No rake
Board: [4h 4s 7c Jh 8c]
Seat 7: speedyfredo won 7237


Winamax Poker - Tournament "Freeroll" buyIn: Free level: 12 - HandId: #545010802738856209-25-1440269641 - Holdem no limit (50/250/500) - 2015/08/22 18:54:01 UTC
Table: 'Freeroll(126895216)#0272' 9-max (real money) Seat #1 is the button
Seat 1: Keke42660 (15675)
Seat 2: Untameable (2855)
Seat 3: dxb78 (740)
Seat 4: LABETEDUBERY (14185)
Seat 5: manggy94 (3480)
Seat 6: O-kan (2095)
Seat 7: speedyfredo (7237)
Seat 8: azote117 (1625)
Seat 9: rir78 (11850)
*** ANTE/BLINDS ***
Untameable posts ante 50
dxb78 posts ante 50
Keke42660 posts ante 50
LABETEDUBERY posts ante 50
manggy94 posts ante 50
O-kan posts ante 50
speedyfredo posts ante 50
azote117 posts ante 50
rir78 posts ante 50
Untameable posts small blind 250
dxb78 posts big blind 500
Dealt to manggy94 [Qh Ad]
*** PRE-FLOP *** 
LABETEDUBERY folds
manggy94 calls 500
O-kan folds
speedyfredo folds
azote117 raises 1075 to 1575 and is all-in
rir78 folds
Keke42660 folds
Untameable folds
dxb78 calls 190 and is all-in
manggy94 calls 1075
*** FLOP *** [Qc 9s Tc]
*** TURN *** [Qc 9s Tc][8s]
*** RIVER *** [Qc 9s Tc 8s][3c]
*** SHOW DOWN ***
dxb78 shows [4h 7c] (High card : Queen)
azote117 shows [7d Ac] (High card : Ace)
manggy94 shows [Qh Ad] (One pair : Queens)
manggy94 collected 4540 from pot
*** SUMMARY ***
Total pot 4540 | No rake
Board: [Qc 9s Tc 8s 3c]
Seat 3: dxb78 (big blind) showed [4h 7c] and lost with High card : Queen
Seat 5: manggy94 showed [Qh Ad] and won 4540 with One pair : Queens
Seat 8: azote117 showed [7d Ac] and lost with High card : Ace


Winamax Poker - Tournament "Freeroll" buyIn: Free level: 13 - HandId: #545010802738856379-36-1440269692 - Holdem no limit (70/300/600) - 2015/08/22 18:54:52 UTC
Table: 'Freeroll(126895216)#0442' 9-max (real money) Seat #1 is the button
Seat 1: Franckusss (4685)
Seat 2: ....seb.... (16782)
Seat 3: lalo71 (4945)
Seat 4: manggy94 (6395)
Seat 5: steevefleur (24072)
Seat 6: gilmuch66 (1010)
Seat 7: dreamsphil (4361)
Seat 8: TheToilet2b (3002)
Seat 9: gromitpoker (5264)
*** ANTE/BLINDS ***
....seb.... posts ante 70
lalo71 posts ante 70
manggy94 posts ante 70
steevefleur posts ante 70
gilmuch66 posts ante 70
dreamsphil posts ante 70
TheToilet2b posts ante 70
gromitpoker posts ante 70
....seb.... posts small blind 300
lalo71 posts big blind 600
Dealt to manggy94 [4h As]
*** PRE-FLOP *** 
manggy94 calls 600
steevefleur folds
gilmuch66 folds
dreamsphil raises 3691 to 4291 and is all-in
TheToilet2b folds
gromitpoker folds
....seb.... calls 3991
lalo71 folds
manggy94 folds
*** FLOP *** [Kd 6s 2h]
*** TURN *** [Kd 6s 2h][6c]
*** RIVER *** [Kd 6s 2h 6c][4c]
*** SHOW DOWN ***
dreamsphil shows [8s 8d] (Two pairs : 8 and 6)
....seb.... shows [9s 9c] (Two pairs : 9 and 6)
....seb.... collected 10342 from pot
*** SUMMARY ***
Total pot 10342 | No rake
Board: [Kd 6s 2h 6c 4c]
Seat 2: ....seb.... (small blind) showed [9s 9c] and won 10342 with Two pairs : 9 and 6
Seat 7: dreamsphil showed [8s 8d] and lost with Two pairs : 8 and 6


Winamax Poker - Tournament "Freeroll" buyIn: Free level: 13 - HandId: #545010802738856379-37-1440270004 - Holdem no limit (70/300/600) - 2015/08/22 19:00:04 UTC
Table: 'Freeroll(126895216)#0442' 9-max (real money) Seat #2 is the button
Seat 1: Franckusss (4685)
Seat 2: ....seb.... (22763)
Seat 3: lalo71 (4275)
Seat 4: manggy94 (5725)
Seat 5: steevefleur (24002)
Seat 6: gilmuch66 (940)
Seat 8: TheToilet2b (2932)
Seat 9: gromitpoker (5194)
*** ANTE/BLINDS ***
lalo71 posts ante 70
manggy94 posts ante 70
Franckusss posts ante 70
....seb.... posts ante 70
steevefleur posts ante 70
gilmuch66 posts ante 70
TheToilet2b posts ante 70
gromitpoker posts ante 70
lalo71 posts small blind 300
manggy94 posts big blind 600
Dealt to manggy94 [Th Ah]
*** PRE-FLOP *** 
steevefleur folds
gilmuch66 folds
TheToilet2b folds
gromitpoker folds
Franckusss raises 2060 to 2660
....seb.... folds
lalo71 folds
manggy94 calls 2060
*** FLOP *** [Jc 6s 2d]
manggy94 bets 2995 and is all-in
Franckusss calls 1955 and is all-in
*** TURN *** [Jc 6s 2d][Ks]
*** RIVER *** [Jc 6s 2d Ks][7h]
*** SHOW DOWN ***
Franckusss shows [As 9h] (High card : Ace)
manggy94 shows [Th Ah] (High card : Ace)
manggy94 collected 11130 from pot
*** SUMMARY ***
Total pot 11130 | No rake
Board: [Jc 6s 2d Ks 7h]
Seat 1: Franckusss showed [As 9h] and lost with High card : Ace
Seat 4: manggy94 (big blind) showed [Th Ah] and won 11130 with High card : Ace


Winamax Poker - Tournament "Freeroll" buyIn: Free level: 13 - HandId: #545010802738856379-38-1440270048 - Holdem no limit (70/300/600) - 2015/08/22 19:00:48 UTC
Table: 'Freeroll(126895216)#0442' 9-max (real money) Seat #3 is the button
Seat 2: ....seb.... (22693)
Seat 3: lalo71 (3905)
Seat 4: manggy94 (11130)
Seat 5: steevefleur (23932)
Seat 6: gilmuch66 (870)
Seat 7: bluker_1986 (17095)
Seat 8: TheToilet2b (2862)
Seat 9: gromitpoker (5124)
*** ANTE/BLINDS ***
manggy94 posts ante 70
steevefleur posts ante 70
....seb.... posts ante 70
lalo71 posts ante 70
gilmuch66 posts ante 70
bluker_1986 posts ante 70
TheToilet2b posts ante 70
gromitpoker posts ante 70
manggy94 posts small blind 300
steevefleur posts big blind 600
Dealt to manggy94 [4d Tc]
*** PRE-FLOP *** 
gilmuch66 folds
bluker_1986 calls 600
TheToilet2b raises 2192 to 2792 and is all-in
gromitpoker folds
....seb.... folds
lalo71 folds
manggy94 folds
steevefleur folds
bluker_1986 calls 2192
*** FLOP *** [6h Qs 4h]
*** TURN *** [6h Qs 4h][5d]
*** RIVER *** [6h Qs 4h 5d][Jh]
*** SHOW DOWN ***
bluker_1986 shows [8s Jd] (One pair : Jacks)
TheToilet2b shows [Ad Ac] (One pair : Aces)
TheToilet2b collected 7044 from pot
*** SUMMARY ***
Total pot 7044 | No rake
Board: [6h Qs 4h 5d Jh]
Seat 7: bluker_1986 showed [8s Jd] and lost with One pair : Jacks
Seat 8: TheToilet2b showed [Ad Ac] and won 7044 with One pair : Aces


Winamax Poker - Tournament "Freeroll" buyIn: Free level: 13 - HandId: #545010802738856379-39-1440270084 - Holdem no limit (70/300/600) - 2015/08/22 19:01:24 UTC
Table: 'Freeroll(126895216)#0442' 9-max (real money) Seat #4 is the button
Seat 1: DAVISCUP (15845)
Seat 2: ....seb.... (22623)
Seat 3: lalo71 (3835)
Seat 4: manggy94 (10760)
Seat 5: steevefleur (23262)
Seat 6: gilmuch66 (800)
Seat 7: bluker_1986 (14233)
Seat 8: TheToilet2b (7044)
Seat 9: gromitpoker (5054)
*** ANTE/BLINDS ***
steevefleur posts ante 70
gilmuch66 posts ante 70
DAVISCUP posts ante 70
....seb.... posts ante 70
lalo71 posts ante 70
manggy94 posts ante 70
bluker_1986 posts ante 70
TheToilet2b posts ante 70
gromitpoker posts ante 70
steevefleur posts small blind 300
gilmuch66 posts big blind 600
Dealt to manggy94 [2s Qs]
*** PRE-FLOP *** 
bluker_1986 calls 600
TheToilet2b folds
gromitpoker folds
DAVISCUP calls 600
....seb.... calls 600
lalo71 folds
manggy94 calls 600
steevefleur folds
gilmuch66 folds
*** FLOP *** [3d 2h 3h]
bluker_1986 checks
DAVISCUP checks
....seb.... bets 600
manggy94 calls 600
bluker_1986 folds
DAVISCUP folds
*** TURN *** [3d 2h 3h][7h]
....seb.... bets 600
manggy94 folds
....seb.... collected 5730 from pot
*** SUMMARY ***
Total pot 5730 | No rake
Board: [3d 2h 3h 7h]
Seat 2: ....seb.... won 5730


Winamax Poker - Tournament "Freeroll" buyIn: Free level: 14 - HandId: #545010802738856379-40-1440270180 - Holdem no limit (80/400/800) - 2015/08/22 19:03:00 UTC
Table: 'Freeroll(126895216)#0442' 9-max (real money) Seat #5 is the button
Seat 1: DAVISCUP (15175)
Seat 2: ....seb.... (26483)
Seat 3: lalo71 (3765)
Seat 4: manggy94 (9490)
Seat 5: steevefleur (22892)
Seat 6: gilmuch66 (130)
Seat 7: bluker_1986 (13563)
Seat 8: TheToilet2b (6974)
Seat 9: gromitpoker (4984)
*** ANTE/BLINDS ***
gilmuch66 posts ante 80
bluker_1986 posts ante 80
DAVISCUP posts ante 80
....seb.... posts ante 80
lalo71 posts ante 80
manggy94 posts ante 80
steevefleur posts ante 80
TheToilet2b posts ante 80
gromitpoker posts ante 80
gilmuch66 posts small blind 50 and is all-in
bluker_1986 posts big blind 800
Dealt to manggy94 [Kc 3h]
*** PRE-FLOP *** 
TheToilet2b folds
gromitpoker folds
DAVISCUP folds
....seb.... calls 800
lalo71 folds
manggy94 calls 800
steevefleur folds
bluker_1986 checks
*** FLOP *** [5h Qc 8s]
bluker_1986 checks
....seb.... checks
manggy94 checks
*** TURN *** [5h Qc 8s][3s]
bluker_1986 checks
....seb.... checks
manggy94 checks
*** RIVER *** [5h Qc 8s 3s][Td]
bluker_1986 checks
....seb.... checks
manggy94 checks
*** SHOW DOWN ***
....seb.... shows [7h Ad] (High card : Ace)
manggy94 shows [Kc 3h] (One pair : 3)
gilmuch66 shows [7c Ks] (High card : King)
bluker_1986 shows [Tc 2c] (One pair : Tens)
bluker_1986 collected 3170 from pot
*** SUMMARY ***
Total pot 3170 | No rake
Board: [5h Qc 8s 3s Td]
Seat 2: ....seb.... showed [7h Ad] and lost with High card : Ace
Seat 4: manggy94 showed [Kc 3h] and lost with One pair : 3
Seat 6: gilmuch66 (small blind) showed [7c Ks] and lost with High card : King
Seat 7: bluker_1986 (big blind) showed [Tc 2c] and won 3170 with One pair : Tens


Winamax Poker - Tournament "Freeroll" buyIn: Free level: 14 - HandId: #545010802738856379-41-1440270274 - Holdem no limit (80/400/800) - 2015/08/22 19:04:34 UTC
Table: 'Freeroll(126895216)#0442' 9-max (real money) Seat #6 is the button
Seat 1: DAVISCUP (15095)
Seat 2: ....seb.... (25603)
Seat 3: lalo71 (3685)
Seat 4: manggy94 (8610)
Seat 5: steevefleur (22812)
Seat 7: bluker_1986 (15853)
Seat 8: TheToilet2b (6894)
Seat 9: gromitpoker (4904)
*** ANTE/BLINDS ***
bluker_1986 posts ante 80
TheToilet2b posts ante 80
DAVISCUP posts ante 80
....seb.... posts ante 80
lalo71 posts ante 80
manggy94 posts ante 80
steevefleur posts ante 80
gromitpoker posts ante 80
bluker_1986 posts small blind 400
TheToilet2b posts big blind 800
Dealt to manggy94 [Jd 6c]
*** PRE-FLOP *** 
gromitpoker folds
DAVISCUP folds
....seb.... folds
lalo71 folds
manggy94 folds
steevefleur folds
bluker_1986 calls 400
TheToilet2b checks
*** FLOP *** [4h 3c 3s]
bluker_1986 checks
TheToilet2b checks
*** TURN *** [4h 3c 3s][Jh]
bluker_1986 checks
TheToilet2b checks
*** RIVER *** [4h 3c 3s Jh][8c]
bluker_1986 checks
TheToilet2b bets 800
bluker_1986 calls 800
*** SHOW DOWN ***
bluker_1986 shows [7c 7s] (Two pairs : 7 and 3)
TheToilet2b shows [8s 2h] (Two pairs : 8 and 3)
TheToilet2b collected 3840 from pot
*** SUMMARY ***
Total pot 3840 | No rake
Board: [4h 3c 3s Jh 8c]
Seat 7: bluker_1986 (small blind) showed [7c 7s] and lost with Two pairs : 7 and 3
Seat 8: TheToilet2b (big blind) showed [8s 2h] and won 3840 with Two pairs : 8 and 3


Winamax Poker - Tournament "Freeroll" buyIn: Free level: 15 - HandId: #545010802738856379-43-1440270459 - Holdem no limit (100/500/1000) - 2015/08/22 19:07:39 UTC
Table: 'Freeroll(126895216)#0442' 9-max (real money) Seat #8 is the button
Seat 1: DAVISCUP (14915)
Seat 2: ....seb.... (25423)
Seat 3: lalo71 (3505)
Seat 4: manggy94 (8430)
Seat 5: Emilie1985 (21065)
Seat 6: Baga9 (11565)
Seat 7: bluker_1986 (14073)
Seat 8: TheToilet2b (8454)
Seat 9: gromitpoker (6024)
*** ANTE/BLINDS ***
gromitpoker posts ante 100
DAVISCUP posts ante 100
....seb.... posts ante 100
lalo71 posts ante 100
manggy94 posts ante 100
Emilie1985 posts ante 100
Baga9 posts ante 100
bluker_1986 posts ante 100
TheToilet2b posts ante 100
gromitpoker posts small blind 500
DAVISCUP posts big blind 1000
Dealt to manggy94 [Ac Kd]
*** PRE-FLOP *** 
....seb.... raises 1000 to 2000
lalo71 folds
manggy94 calls 2000
Emilie1985 raises 18965 to 20965 and is all-in
Baga9 folds
bluker_1986 folds
TheToilet2b folds
gromitpoker folds
DAVISCUP folds
....seb.... calls 18965
manggy94 calls 6330 and is all-in
*** FLOP *** [Jd 4c As]
*** TURN *** [Jd 4c As][8h]
*** RIVER *** [Jd 4c As 8h][6s]
*** SHOW DOWN ***
....seb.... shows [Ad Qs] (One pair : Aces)
manggy94 shows [Ac Kd] (One pair : Aces)
Emilie1985 shows [Kc Ah] (One pair : Aces)
Emilie1985 collected 38965 from side pot 1
manggy94 collected 13695 from main pot
*** SUMMARY ***
Total pot 52660 | No rake
Board: [Jd 4c As 8h 6s]
Seat 2: ....seb.... showed [Ad Qs] and lost with One pair : Aces
Seat 4: manggy94 showed [Ac Kd] and won 13695 with One pair : Aces
Seat 5: Emilie1985 showed [Kc Ah] and won 38965 with One pair : Aces


Winamax Poker - Tournament "Freeroll" buyIn: Free level: 16 - HandId: #545010802738856379-44-1440270562 - Holdem no limit (135/600/1200) - 2015/08/22 19:09:22 UTC
Table: 'Freeroll(126895216)#0442' 9-max (real money) Seat #9 is the button
Seat 1: DAVISCUP (13815)
Seat 2: ....seb.... (4358)
Seat 3: lalo71 (3405)
Seat 4: manggy94 (13695)
Seat 5: Emilie1985 (38965)
Seat 6: Baga9 (11465)
Seat 7: bluker_1986 (13973)
Seat 8: TheToilet2b (8354)
Seat 9: gromitpoker (5424)
*** ANTE/BLINDS ***
DAVISCUP posts ante 135
....seb.... posts ante 135
lalo71 posts ante 135
manggy94 posts ante 135
Emilie1985 posts ante 135
Baga9 posts ante 135
bluker_1986 posts ante 135
TheToilet2b posts ante 135
gromitpoker posts ante 135
DAVISCUP posts small blind 600
....seb.... posts big blind 1200
Dealt to manggy94 [6d 9s]
*** PRE-FLOP *** 
lalo71 folds
manggy94 folds
Emilie1985 calls 1200
Baga9 raises 10130 to 11330 and is all-in
bluker_1986 folds
TheToilet2b folds
gromitpoker folds
DAVISCUP folds
....seb.... folds
Emilie1985 folds
Baga9 collected 15545 from pot
*** SUMMARY ***
Total pot 15545 | No rake
Seat 6: Baga9 won 15545


Winamax Poker - Tournament "Freeroll" buyIn: Free level: 16 - HandId: #545010802738856379-45-1440270605 - Holdem no limit (135/600/1200) - 2015/08/22 19:10:05 UTC
Table: 'Freeroll(126895216)#0442' 9-max (real money) Seat #1 is the button
Seat 1: DAVISCUP (13080)
Seat 2: ....seb.... (3023)
Seat 3: lalo71 (3270)
Seat 4: manggy94 (13560)
Seat 5: Emilie1985 (37630)
Seat 6: Baga9 (15545)
Seat 7: bluker_1986 (13838)
Seat 8: TheToilet2b (8219)
Seat 9: gromitpoker (5289)
*** ANTE/BLINDS ***
....seb.... posts ante 135
lalo71 posts ante 135
DAVISCUP posts ante 135
manggy94 posts ante 135
Emilie1985 posts ante 135
Baga9 posts ante 135
bluker_1986 posts ante 135
TheToilet2b posts ante 135
gromitpoker posts ante 135
....seb.... posts small blind 600
lalo71 posts big blind 1200
Dealt to manggy94 [2h 6d]
*** PRE-FLOP *** 
manggy94 folds
Emilie1985 folds
Baga9 calls 1200
bluker_1986 folds
TheToilet2b raises 6884 to 8084 and is all-in
gromitpoker folds
DAVISCUP folds
....seb.... calls 2288 and is all-in
lalo71 folds
Baga9 folds
*** FLOP *** [4h Qs 4s]
*** TURN *** [4h Qs 4s][Ts]
*** RIVER *** [4h Qs 4s Ts][7c]
*** SHOW DOWN ***
....seb.... shows [8s Ah] (One pair : 4)
TheToilet2b shows [7h 7s] (Full of 7 and 4)
TheToilet2b collected 14587 from pot
*** SUMMARY ***
Total pot 14587 | No rake
Board: [4h Qs 4s Ts 7c]
Seat 2: ....seb.... (small blind) showed [8s Ah] and lost with One pair : 4
Seat 8: TheToilet2b showed [7h 7s] and won 14587 with Full of 7 and 4


Winamax Poker - Tournament "Freeroll" buyIn: Free level: 16 - HandId: #545010802738856379-46-1440270646 - Holdem no limit (135/600/1200) - 2015/08/22 19:10:46 UTC
Table: 'Freeroll(126895216)#0442' 9-max (real money) Seat #2 is the button
Seat 1: DAVISCUP (12945)
Seat 2: mjoaquim2002 (35255)
Seat 3: lalo71 (1935)
Seat 4: manggy94 (13425)
Seat 5: Emilie1985 (37495)
Seat 6: Baga9 (14210)
Seat 7: bluker_1986 (13703)
Seat 8: TheToilet2b (14587)
Seat 9: gromitpoker (5154)
*** ANTE/BLINDS ***
lalo71 posts ante 135
manggy94 posts ante 135
DAVISCUP posts ante 135
Emilie1985 posts ante 135
Baga9 posts ante 135
bluker_1986 posts ante 135
TheToilet2b posts ante 135
gromitpoker posts ante 135
lalo71 posts small blind 600
manggy94 posts big blind 1200
Dealt to manggy94 [6c 8c]
*** PRE-FLOP *** 
Emilie1985 folds
Baga9 folds
bluker_1986 folds
TheToilet2b raises 13252 to 14452 and is all-in
gromitpoker folds
DAVISCUP folds
lalo71 folds
manggy94 folds
TheToilet2b collected 17332 from pot
*** SUMMARY ***
Total pot 17332 | No rake
Seat 8: TheToilet2b won 17332


Winamax Poker - Tournament "Freeroll" buyIn: Free level: 17 - HandId: #545010802738856379-47-1440270699 - Holdem no limit (160/800/1600) - 2015/08/22 19:11:39 UTC
Table: 'Freeroll(126895216)#0442' 9-max (real money) Seat #3 is the button
Seat 1: DAVISCUP (12810)
Seat 2: mjoaquim2002 (35255)
Seat 3: lalo71 (1200)
Seat 4: manggy94 (12090)
Seat 5: Emilie1985 (37360)
Seat 6: Baga9 (14075)
Seat 7: bluker_1986 (13568)
Seat 8: TheToilet2b (17332)
Seat 9: gromitpoker (5019)
*** ANTE/BLINDS ***
manggy94 posts ante 160
Emilie1985 posts ante 160
DAVISCUP posts ante 160
mjoaquim2002 posts ante 160
lalo71 posts ante 160
Baga9 posts ante 160
bluker_1986 posts ante 160
TheToilet2b posts ante 160
gromitpoker posts ante 160
manggy94 posts small blind 800
Emilie1985 posts big blind 1600
Dealt to manggy94 [2d 9s]
*** PRE-FLOP *** 
Baga9 folds
bluker_1986 calls 1600
TheToilet2b folds
gromitpoker folds
DAVISCUP folds
mjoaquim2002 calls 1600
lalo71 folds
manggy94 folds
Emilie1985 checks
*** FLOP *** [8c Qd Kh]
Emilie1985 bets 7040
bluker_1986 folds
mjoaquim2002 calls 7040
*** TURN *** [8c Qd Kh][2c]
Emilie1985 bets 10560
mjoaquim2002 folds
Emilie1985 collected 31680 from pot
*** SUMMARY ***
Total pot 31680 | No rake
Board: [8c Qd Kh 2c]
Seat 5: Emilie1985 (big blind) won 31680


Winamax Poker - Tournament "Freeroll" buyIn: Free level: 17 - HandId: #545010802738856379-48-1440270759 - Holdem no limit (160/800/1600) - 2015/08/22 19:12:39 UTC
Table: 'Freeroll(126895216)#0442' 9-max (real money) Seat #4 is the button
Seat 1: DAVISCUP (12650)
Seat 2: mjoaquim2002 (26455)
Seat 3: lalo71 (1040)
Seat 4: manggy94 (11130)
Seat 5: Emilie1985 (49680)
Seat 6: Baga9 (13915)
Seat 7: bluker_1986 (11808)
Seat 8: TheToilet2b (17172)
*** ANTE/BLINDS ***
Emilie1985 posts ante 160
Baga9 posts ante 160
DAVISCUP posts ante 160
mjoaquim2002 posts ante 160
lalo71 posts ante 160
manggy94 posts ante 160
bluker_1986 posts ante 160
TheToilet2b posts ante 160
Emilie1985 posts small blind 800
Baga9 posts big blind 1600
Dealt to manggy94 [Jd 4c]
*** PRE-FLOP *** 
bluker_1986 folds
TheToilet2b folds
DAVISCUP folds
mjoaquim2002 folds
lalo71 folds
manggy94 folds
Emilie1985 raises 8078 to 9678
Baga9 folds
Emilie1985 collected 12558 from pot
*** SUMMARY ***
Total pot 12558 | No rake
Seat 5: Emilie1985 (small blind) won 12558


Winamax Poker - Tournament "Freeroll" buyIn: Free level: 17 - HandId: #545010802738856379-49-1440270810 - Holdem no limit (160/800/1600) - 2015/08/22 19:13:30 UTC
Table: 'Freeroll(126895216)#0442' 9-max (real money) Seat #5 is the button
Seat 1: DAVISCUP (12490)
Seat 2: mjoaquim2002 (26295)
Seat 4: manggy94 (10970)
Seat 5: Emilie1985 (52400)
Seat 6: Baga9 (12155)
Seat 7: bluker_1986 (11648)
Seat 8: TheToilet2b (17012)
Seat 9: ChowYunFat (34730)
*** ANTE/BLINDS ***
Baga9 posts ante 160
bluker_1986 posts ante 160
DAVISCUP posts ante 160
mjoaquim2002 posts ante 160
manggy94 posts ante 160
Emilie1985 posts ante 160
TheToilet2b posts ante 160
ChowYunFat posts ante 160
Baga9 posts small blind 800
bluker_1986 posts big blind 1600
Dealt to manggy94 [Ah 2c]
*** PRE-FLOP *** 
TheToilet2b folds
ChowYunFat calls 1600
DAVISCUP folds
mjoaquim2002 folds
manggy94 folds
Emilie1985 folds
Baga9 folds
bluker_1986 checks
*** FLOP *** [4s Qd Ks]
bluker_1986 checks
ChowYunFat checks
*** TURN *** [4s Qd Ks][8s]
bluker_1986 checks
ChowYunFat checks
*** RIVER *** [4s Qd Ks 8s][7d]
bluker_1986 checks
ChowYunFat bets 32970 and is all-in
bluker_1986 folds
ChowYunFat collected 38250 from pot
*** SUMMARY ***
Total pot 38250 | No rake
Board: [4s Qd Ks 8s 7d]
Seat 9: ChowYunFat won 38250


Winamax Poker - Tournament "Freeroll" buyIn: Free level: 18 - HandId: #545010802738856379-50-1440270901 - Holdem no limit (200/1000/2000) - 2015/08/22 19:15:01 UTC
Table: 'Freeroll(126895216)#0442' 9-max (real money) Seat #6 is the button
Seat 1: DAVISCUP (12330)
Seat 2: mjoaquim2002 (26135)
Seat 3: sunday1302 (16015)
Seat 4: manggy94 (10810)
Seat 5: Emilie1985 (52240)
Seat 6: Baga9 (11195)
Seat 7: bluker_1986 (9888)
Seat 8: TheToilet2b (16852)
Seat 9: ChowYunFat (38250)
*** ANTE/BLINDS ***
bluker_1986 posts ante 200
TheToilet2b posts ante 200
DAVISCUP posts ante 200
mjoaquim2002 posts ante 200
sunday1302 posts ante 200
manggy94 posts ante 200
Emilie1985 posts ante 200
Baga9 posts ante 200
ChowYunFat posts ante 200
bluker_1986 posts small blind 1000
TheToilet2b posts big blind 2000
Dealt to manggy94 [Jc Js]
*** PRE-FLOP *** 
ChowYunFat calls 2000
DAVISCUP folds
mjoaquim2002 folds
sunday1302 folds
manggy94 raises 8610 to 10610 and is all-in
Emilie1985 folds
Baga9 folds
bluker_1986 folds
TheToilet2b folds
ChowYunFat folds
manggy94 collected 17410 from pot
*** SUMMARY ***
Total pot 17410 | No rake
Seat 4: manggy94 won 17410


Winamax Poker - Tournament "Freeroll" buyIn: Free level: 18 - HandId: #545010802738856379-51-1440270949 - Holdem no limit (200/1000/2000) - 2015/08/22 19:15:49 UTC
Table: 'Freeroll(126895216)#0442' 9-max (real money) Seat #7 is the button
Seat 1: DAVISCUP (12130)
Seat 3: sunday1302 (15815)
Seat 4: manggy94 (17410)
Seat 5: Emilie1985 (52040)
Seat 6: Baga9 (10995)
Seat 7: bluker_1986 (8688)
Seat 8: TheToilet2b (14652)
Seat 9: ChowYunFat (36050)
*** ANTE/BLINDS ***
TheToilet2b posts ante 200
ChowYunFat posts ante 200
DAVISCUP posts ante 200
sunday1302 posts ante 200
manggy94 posts ante 200
Emilie1985 posts ante 200
Baga9 posts ante 200
bluker_1986 posts ante 200
TheToilet2b posts small blind 1000
ChowYunFat posts big blind 2000
Dealt to manggy94 [2h Qh]
*** PRE-FLOP *** 
DAVISCUP folds
sunday1302 folds
manggy94 folds
Emilie1985 folds
Baga9 folds
bluker_1986 folds
TheToilet2b calls 1000
ChowYunFat checks
*** FLOP *** [2s 4h Ks]
TheToilet2b bets 4200
ChowYunFat folds
TheToilet2b collected 9800 from pot
*** SUMMARY ***
Total pot 9800 | No rake
Board: [2s 4h Ks]
Seat 8: TheToilet2b (small blind) won 9800


Winamax Poker - Tournament "Freeroll" buyIn: Free level: 18 - HandId: #545010802738856379-52-1440271030 - Holdem no limit (200/1000/2000) - 2015/08/22 19:17:10 UTC
Table: 'Freeroll(126895216)#0442' 9-max (real money) Seat #8 is the button
Seat 1: DAVISCUP (11930)
Seat 2: nini77-93 (21535)
Seat 3: sunday1302 (15615)
Seat 4: manggy94 (17210)
Seat 5: Emilie1985 (51840)
Seat 6: Baga9 (10795)
Seat 7: bluker_1986 (8488)
Seat 8: TheToilet2b (18052)
Seat 9: ChowYunFat (33850)
*** ANTE/BLINDS ***
ChowYunFat posts ante 200
DAVISCUP posts ante 200
nini77-93 posts ante 200
sunday1302 posts ante 200
manggy94 posts ante 200
Emilie1985 posts ante 200
Baga9 posts ante 200
bluker_1986 posts ante 200
TheToilet2b posts ante 200
ChowYunFat posts small blind 1000
DAVISCUP posts big blind 2000
Dealt to manggy94 [Jc 6c]
*** PRE-FLOP *** 
nini77-93 folds
sunday1302 folds
manggy94 folds
Emilie1985 calls 2000
Baga9 folds
bluker_1986 calls 2000
TheToilet2b folds
ChowYunFat folds
DAVISCUP checks
*** FLOP *** [Js 3s Td]
DAVISCUP checks
Emilie1985 checks
bluker_1986 checks
*** TURN *** [Js 3s Td][7s]
DAVISCUP checks
Emilie1985 checks
bluker_1986 checks
*** RIVER *** [Js 3s Td 7s][8d]
DAVISCUP checks
Emilie1985 checks
bluker_1986 checks
*** SHOW DOWN ***
Emilie1985 shows [Kd 2s] (High card : King)
bluker_1986 shows [5d 5s] (One pair : 5)
DAVISCUP shows [8s 6h] (One pair : 8)
DAVISCUP collected 8800 from pot
*** SUMMARY ***
Total pot 8800 | No rake
Board: [Js 3s Td 7s 8d]
Seat 1: DAVISCUP (big blind) showed [8s 6h] and won 8800 with One pair : 8
Seat 5: Emilie1985 showed [Kd 2s] and lost with High card : King
Seat 7: bluker_1986 showed [5d 5s] and lost with One pair : 5


Winamax Poker - Tournament "Freeroll" buyIn: Free level: 19 - HandId: #545010802738856379-53-1440271115 - Holdem no limit (250/1250/2500) - 2015/08/22 19:18:35 UTC
Table: 'Freeroll(126895216)#0442' 9-max (real money) Seat #9 is the button
Seat 1: DAVISCUP (18530)
Seat 3: sunday1302 (15415)
Seat 4: manggy94 (17010)
Seat 5: Emilie1985 (49640)
Seat 6: Baga9 (10595)
Seat 7: bluker_1986 (6288)
Seat 8: TheToilet2b (17852)
Seat 9: ChowYunFat (32650)
*** ANTE/BLINDS ***
DAVISCUP posts ante 250
sunday1302 posts ante 250
manggy94 posts ante 250
Emilie1985 posts ante 250
Baga9 posts ante 250
bluker_1986 posts ante 250
TheToilet2b posts ante 250
ChowYunFat posts ante 250
DAVISCUP posts small blind 1250
sunday1302 posts big blind 2500
Dealt to manggy94 [Ah 6h]
*** PRE-FLOP *** 
manggy94 calls 2500
Emilie1985 folds
Baga9 folds
bluker_1986 folds
TheToilet2b folds
ChowYunFat folds
DAVISCUP folds
sunday1302 checks
*** FLOP *** [5s Jc 8h]
sunday1302 checks
manggy94 bets 8250
sunday1302 folds
manggy94 collected 16500 from pot
*** SUMMARY ***
Total pot 16500 | No rake
Board: [5s Jc 8h]
Seat 4: manggy94 won 16500


Winamax Poker - Tournament "Freeroll" buyIn: Free level: 19 - HandId: #545010802738856379-54-1440271164 - Holdem no limit (250/1250/2500) - 2015/08/22 19:19:24 UTC
Table: 'Freeroll(126895216)#0442' 9-max (real money) Seat #1 is the button
Seat 1: DAVISCUP (17030)
Seat 2: Mr Joff (14555)
Seat 3: sunday1302 (12665)
Seat 4: manggy94 (22510)
Seat 5: Emilie1985 (49390)
Seat 6: Baga9 (10345)
Seat 7: bluker_1986 (6038)
Seat 8: TheToilet2b (17602)
Seat 9: ChowYunFat (32400)
*** ANTE/BLINDS ***
sunday1302 posts ante 250
manggy94 posts ante 250
DAVISCUP posts ante 250
Emilie1985 posts ante 250
Baga9 posts ante 250
bluker_1986 posts ante 250
TheToilet2b posts ante 250
ChowYunFat posts ante 250
sunday1302 posts small blind 1250
manggy94 posts big blind 2500
Dealt to manggy94 [Ac Jd]
*** PRE-FLOP *** 
Emilie1985 folds
Baga9 calls 2500
bluker_1986 calls 2500
TheToilet2b folds
ChowYunFat folds
DAVISCUP folds
sunday1302 folds
manggy94 checks
*** FLOP *** [Qh Tc 2d]
manggy94 checks
Baga9 checks
bluker_1986 bets 3288 and is all-in
manggy94 folds
Baga9 folds
bluker_1986 collected 14038 from pot
*** SUMMARY ***
Total pot 14038 | No rake
Board: [Qh Tc 2d]
Seat 7: bluker_1986 won 14038


Winamax Poker - Tournament "Freeroll" buyIn: Free level: 20 - HandId: #545010802738856379-55-1440271269 - Holdem no limit (350/1500/3000) - 2015/08/22 19:21:09 UTC
Table: 'Freeroll(126895216)#0442' 9-max (real money) Seat #3 is the button
Seat 1: DAVISCUP (16780)
Seat 2: Mr Joff (14555)
Seat 3: sunday1302 (11165)
Seat 4: manggy94 (19760)
Seat 5: Emilie1985 (49140)
Seat 6: Baga9 (7595)
Seat 7: bluker_1986 (14038)
Seat 8: TheToilet2b (17352)
Seat 9: -Pitch- (14610)
*** ANTE/BLINDS ***
manggy94 posts ante 350
Emilie1985 posts ante 350
DAVISCUP posts ante 350
Mr Joff posts ante 350
sunday1302 posts ante 350
Baga9 posts ante 350
bluker_1986 posts ante 350
TheToilet2b posts ante 350
-Pitch- posts ante 350
manggy94 posts small blind 1500
Emilie1985 posts big blind 3000
Dealt to manggy94 [2h 6s]
*** PRE-FLOP *** 
Baga9 calls 3000
bluker_1986 folds
TheToilet2b folds
-Pitch- raises 4245 to 7245
DAVISCUP folds
Mr Joff folds
sunday1302 folds
manggy94 folds
Emilie1985 folds
Baga9 calls 4245 and is all-in
*** FLOP *** [Jh 9c Js]
*** TURN *** [Jh 9c Js][7h]
*** RIVER *** [Jh 9c Js 7h][2s]
*** SHOW DOWN ***
Baga9 shows [Qs As] (One pair : Jacks)
-Pitch- shows [8s 8h] (Two pairs : Jacks and 8)
-Pitch- collected 22140 from pot
*** SUMMARY ***
Total pot 22140 | No rake
Board: [Jh 9c Js 7h 2s]
Seat 6: Baga9 showed [Qs As] and lost with One pair : Jacks
Seat 9: -Pitch- showed [8s 8h] and won 22140 with Two pairs : Jacks and 8


Winamax Poker - Tournament "Freeroll" buyIn: Free level: 20 - HandId: #545010802738856379-56-1440271393 - Holdem no limit (350/1500/3000) - 2015/08/22 19:23:13 UTC
Table: 'Freeroll(126895216)#0442' 9-max (real money) Seat #4 is the button
Seat 1: DAVISCUP (16430)
Seat 2: Mr Joff (14205)
Seat 3: sunday1302 (10815)
Seat 4: manggy94 (17910)
Seat 5: Emilie1985 (45790)
Seat 7: bluker_1986 (13688)
Seat 8: TheToilet2b (17002)
Seat 9: -Pitch- (29155)
*** ANTE/BLINDS ***
Emilie1985 posts ante 350
bluker_1986 posts ante 350
DAVISCUP posts ante 350
Mr Joff posts ante 350
sunday1302 posts ante 350
manggy94 posts ante 350
TheToilet2b posts ante 350
-Pitch- posts ante 350
Emilie1985 posts small blind 1500
bluker_1986 posts big blind 3000
Dealt to manggy94 [Qd Js]
*** PRE-FLOP *** 
TheToilet2b folds
-Pitch- folds
DAVISCUP folds
Mr Joff folds
sunday1302 folds
manggy94 raises 10300 to 13300
Emilie1985 raises 10300 to 23600
bluker_1986 calls 10338 and is all-in
manggy94 calls 4260 and is all-in
*** FLOP *** [3d 9s Ad]
*** TURN *** [3d 9s Ad][5d]
*** RIVER *** [3d 9s Ad 5d][Tc]
*** SHOW DOWN ***
manggy94 shows [Qd Js] (High card : Ace)
bluker_1986 shows [5h Ah] (Two pairs : Aces and 5)
Emilie1985 shows [As Kh] (One pair : Aces)
Emilie1985 collected 14484 from side pot 1
bluker_1986 collected 42814 from main pot
*** SUMMARY ***
Total pot 57298 | No rake
Board: [3d 9s Ad 5d Tc]
Seat 4: manggy94 (button) showed [Qd Js] and lost with High card : Ace
Seat 5: Emilie1985 (small blind) showed [As Kh] and won 14484 with One pair : Aces
Seat 7: bluker_1986 (big blind) showed [5h Ah] and won 42814 with Two pairs : Aces and 5


