Winamax Poker - Tournament "Déglingos" buyIn: 2,70€ + 0,30€ level: 5 - HandId: #596504840687845382-42-1449929878 - Holdem no limit (60/120) - 2015/12/12 14:17:58 UTC
Table: 'Déglingos(138884606)#005' 3-max (real money) Seat #3 is the button
Seat 1: pokerviet33 (1620)
Seat 2: manggy94 (500)
Seat 3: motuNono (880)
*** ANTE/BLINDS ***
pokerviet33 posts small blind 60
manggy94 posts big blind 120
Dealt to manggy94 [Kd Ks]
*** PRE-FLOP *** 
motuNono folds
pokerviet33 raises 120 to 240
manggy94 raises 260 to 500 and is all-in
pokerviet33 raises 260 to 760
*** FLOP *** [2h Kh Ac]
*** TURN *** [2h Kh Ac][9h]
*** RIVER *** [2h Kh Ac 9h][4c]
*** SHOW DOWN ***
manggy94 shows [Kd Ks] (Trips of Kings)
pokerviet33 shows [Qd 3h] (High card : Ace)
pokerviet33 collected 260 from side pot 1
manggy94 collected 1000 from main pot
*** SUMMARY ***
Total pot 1260 | No rake
Board: [2h Kh Ac 9h 4c]
Seat 1: pokerviet33 (small blind) showed [Qd 3h] and won 260 with High card : Ace
Seat 2: manggy94 (big blind) showed [Kd Ks] and won 1000 with Trips of Kings


Winamax Poker - Tournament "Déglingos" buyIn: 2,70€ + 0,30€ level: 6 - HandId: #596504840687845382-43-1449929904 - Holdem no limit (10/60/120) - 2015/12/12 14:18:24 UTC
Table: 'Déglingos(138884606)#005' 3-max (real money) Seat #1 is the button
Seat 1: pokerviet33 (1120)
Seat 2: manggy94 (1000)
Seat 3: motuNono (880)
*** ANTE/BLINDS ***
manggy94 posts ante 10
motuNono posts ante 10
pokerviet33 posts ante 10
manggy94 posts small blind 60
motuNono posts big blind 120
Dealt to manggy94 [4s 5h]
*** PRE-FLOP *** 
pokerviet33 raises 120 to 240
manggy94 folds
motuNono calls 120
*** FLOP *** [6s Ah 5s]
motuNono checks
pokerviet33 bets 285
motuNono folds
pokerviet33 collected 855 from pot
*** SUMMARY ***
Total pot 855 | No rake
Board: [6s Ah 5s]
Seat 1: pokerviet33 (button) won 855


Winamax Poker - Tournament "Déglingos" buyIn: 2,70€ + 0,30€ level: 6 - HandId: #596504840687845382-44-1449929955 - Holdem no limit (10/60/120) - 2015/12/12 14:19:15 UTC
Table: 'Déglingos(138884606)#005' 3-max (real money) Seat #2 is the button
Seat 1: pokerviet33 (1440)
Seat 2: manggy94 (930)
Seat 3: motuNono (630)
*** ANTE/BLINDS ***
motuNono posts ante 10
pokerviet33 posts ante 10
manggy94 posts ante 10
motuNono posts small blind 60
pokerviet33 posts big blind 120
Dealt to manggy94 [Qs 3c]
*** PRE-FLOP *** 
manggy94 folds
motuNono folds
pokerviet33 collected 210 from pot
*** SUMMARY ***
Total pot 210 | No rake
Seat 1: pokerviet33 (big blind) won 210


Winamax Poker - Tournament "Déglingos" buyIn: 2,70€ + 0,30€ level: 6 - HandId: #596504840687845382-45-1449929961 - Holdem no limit (10/60/120) - 2015/12/12 14:19:21 UTC
Table: 'Déglingos(138884606)#005' 3-max (real money) Seat #3 is the button
Seat 1: pokerviet33 (1520)
Seat 2: manggy94 (920)
Seat 3: motuNono (560)
*** ANTE/BLINDS ***
pokerviet33 posts ante 10
manggy94 posts ante 10
motuNono posts ante 10
pokerviet33 posts small blind 60
manggy94 posts big blind 120
Dealt to manggy94 [Tc 5d]
*** PRE-FLOP *** 
motuNono folds
pokerviet33 raises 120 to 240
manggy94 calls 120
*** FLOP *** [As 9s Td]
pokerviet33 checks
manggy94 bets 670 and is all-in
pokerviet33 folds
manggy94 collected 1180 from pot
*** SUMMARY ***
Total pot 1180 | No rake
Board: [As 9s Td]
Seat 2: manggy94 (big blind) won 1180


Winamax Poker - Tournament "Déglingos" buyIn: 2,70€ + 0,30€ level: 6 - HandId: #596504840687845382-46-1449929987 - Holdem no limit (10/60/120) - 2015/12/12 14:19:47 UTC
Table: 'Déglingos(138884606)#005' 3-max (real money) Seat #1 is the button
Seat 1: pokerviet33 (1270)
Seat 2: manggy94 (1180)
Seat 3: motuNono (550)
*** ANTE/BLINDS ***
manggy94 posts ante 10
motuNono posts ante 10
pokerviet33 posts ante 10
manggy94 posts small blind 60
motuNono posts big blind 120
Dealt to manggy94 [3h Kh]
*** PRE-FLOP *** 
pokerviet33 folds
manggy94 calls 60
motuNono checks
*** FLOP *** [9c 3s Ks]
manggy94 checks
motuNono bets 120
manggy94 calls 120
*** TURN *** [9c 3s Ks][7s]
manggy94 bets 510
motuNono folds
manggy94 collected 1020 from pot
*** SUMMARY ***
Total pot 1020 | No rake
Board: [9c 3s Ks 7s]
Seat 2: manggy94 (small blind) won 1020


Winamax Poker - Tournament "Déglingos" buyIn: 2,70€ + 0,30€ level: 6 - HandId: #596504840687845382-47-1449930008 - Holdem no limit (10/60/120) - 2015/12/12 14:20:08 UTC
Table: 'Déglingos(138884606)#005' 3-max (real money) Seat #2 is the button
Seat 1: pokerviet33 (1260)
Seat 2: manggy94 (1440)
Seat 3: motuNono (300)
*** ANTE/BLINDS ***
motuNono posts ante 10
pokerviet33 posts ante 10
manggy94 posts ante 10
motuNono posts small blind 60
pokerviet33 posts big blind 120
Dealt to manggy94 [6c 9c]
*** PRE-FLOP *** 
manggy94 folds
motuNono calls 60
pokerviet33 raises 1130 to 1250 and is all-in
motuNono calls 170 and is all-in
*** FLOP *** [8c 7c 8d]
*** TURN *** [8c 7c 8d][6s]
*** RIVER *** [8c 7c 8d 6s][8h]
*** SHOW DOWN ***
motuNono shows [Kh 3s] (Trips of 8)
pokerviet33 shows [As 5d] (Trips of 8)
pokerviet33 collected 1570 from pot
*** SUMMARY ***
Total pot 1570 | No rake
Board: [8c 7c 8d 6s 8h]
Seat 1: pokerviet33 (big blind) showed [As 5d] and won 1570 with Trips of 8
Seat 3: motuNono (small blind) showed [Kh 3s] and lost with Trips of 8


Winamax Poker - Tournament "Déglingos" buyIn: 2,70€ + 0,30€ level: 6 - HandId: #596504840687845382-48-1449930041 - Holdem no limit (10/60/120) - 2015/12/12 14:20:41 UTC
Table: 'Déglingos(138884606)#005' 3-max (real money) Seat #1 is the button
Seat 1: pokerviet33 (1570)
Seat 2: manggy94 (1430)
*** ANTE/BLINDS ***
pokerviet33 posts ante 10
manggy94 posts ante 10
pokerviet33 posts small blind 60
manggy94 posts big blind 120
Dealt to manggy94 [Ac 7s]
*** PRE-FLOP *** 
pokerviet33 calls 60
manggy94 checks
*** FLOP *** [5h 2h Ks]
manggy94 bets 120
pokerviet33 folds
manggy94 collected 380 from pot
*** SUMMARY ***
Total pot 380 | No rake
Board: [5h 2h Ks]
Seat 2: manggy94 (big blind) won 380


Winamax Poker - Tournament "Déglingos" buyIn: 2,70€ + 0,30€ level: 6 - HandId: #596504840687845382-49-1449930057 - Holdem no limit (10/60/120) - 2015/12/12 14:20:57 UTC
Table: 'Déglingos(138884606)#005' 3-max (real money) Seat #1 is the button
Seat 1: pokerviet33 (1440)
Seat 2: manggy94 (1560)
Seat 3: JipiSan (500)
*** ANTE/BLINDS ***
manggy94 posts ante 10
JipiSan posts ante 10
pokerviet33 posts ante 10
manggy94 posts small blind 60
JipiSan posts big blind 120
Dealt to manggy94 [Kd Kh]
*** PRE-FLOP *** 
pokerviet33 calls 120
manggy94 raises 390 to 510
JipiSan folds
pokerviet33 calls 390
*** FLOP *** [9s 4h Ad]
manggy94 bets 1040 and is all-in
pokerviet33 folds
manggy94 collected 2210 from pot
*** SUMMARY ***
Total pot 2210 | No rake
Board: [9s 4h Ad]
Seat 2: manggy94 (small blind) won 2210


Winamax Poker - Tournament "Déglingos" buyIn: 2,70€ + 0,30€ level: 7 - HandId: #596504840687845382-50-1449930105 - Holdem no limit (15/75/150) - 2015/12/12 14:21:45 UTC
Table: 'Déglingos(138884606)#005' 3-max (real money) Seat #2 is the button
Seat 1: pokerviet33 (920)
Seat 2: manggy94 (2210)
Seat 3: JipiSan (370)
*** ANTE/BLINDS ***
JipiSan posts ante 15
pokerviet33 posts ante 15
manggy94 posts ante 15
JipiSan posts small blind 75
pokerviet33 posts big blind 150
Dealt to manggy94 [Jc 4h]
*** PRE-FLOP *** 
manggy94 folds
JipiSan calls 75
pokerviet33 checks
*** FLOP *** [6s Ad Jd]
JipiSan checks
pokerviet33 checks
*** TURN *** [6s Ad Jd][9h]
JipiSan checks
pokerviet33 checks
*** RIVER *** [6s Ad Jd 9h][7d]
JipiSan checks
pokerviet33 checks
*** SHOW DOWN ***
pokerviet33 shows [Qs 3c] (High card : Ace)
JipiSan shows [5d 5h] (One pair : 5)
JipiSan collected 345 from pot
*** SUMMARY ***
Total pot 345 | No rake
Board: [6s Ad Jd 9h 7d]
Seat 1: pokerviet33 (big blind) showed [Qs 3c] and lost with High card : Ace
Seat 3: JipiSan (small blind) showed [5d 5h] and won 345 with One pair : 5


Winamax Poker - Tournament "Déglingos" buyIn: 2,70€ + 0,30€ level: 7 - HandId: #596504840687845382-51-1449930150 - Holdem no limit (15/75/150) - 2015/12/12 14:22:30 UTC
Table: 'Déglingos(138884606)#005' 3-max (real money) Seat #3 is the button
Seat 1: pokerviet33 (755)
Seat 2: manggy94 (2195)
Seat 3: JipiSan (550)
*** ANTE/BLINDS ***
pokerviet33 posts ante 15
manggy94 posts ante 15
JipiSan posts ante 15
pokerviet33 posts small blind 75
manggy94 posts big blind 150
Dealt to manggy94 [9d Ah]
*** PRE-FLOP *** 
JipiSan calls 150
pokerviet33 folds
manggy94 checks
*** FLOP *** [9s Qs 4h]
manggy94 bets 150
JipiSan folds
manggy94 collected 570 from pot
*** SUMMARY ***
Total pot 570 | No rake
Board: [9s Qs 4h]
Seat 2: manggy94 (big blind) won 570


Winamax Poker - Tournament "Déglingos" buyIn: 2,70€ + 0,30€ level: 7 - HandId: #596504840687845382-52-1449930167 - Holdem no limit (15/75/150) - 2015/12/12 14:22:47 UTC
Table: 'Déglingos(138884606)#005' 3-max (real money) Seat #1 is the button
Seat 1: pokerviet33 (665)
Seat 2: manggy94 (2450)
Seat 3: JipiSan (385)
*** ANTE/BLINDS ***
manggy94 posts ante 15
JipiSan posts ante 15
pokerviet33 posts ante 15
manggy94 posts small blind 75
JipiSan posts big blind 150
Dealt to manggy94 [7h Th]
*** PRE-FLOP *** 
pokerviet33 folds
manggy94 raises 150 to 300
JipiSan calls 150
*** FLOP *** [Tc 8s Td]
manggy94 bets 150
JipiSan calls 70 and is all-in
*** TURN *** [Tc 8s Td][2c]
*** RIVER *** [Tc 8s Td 2c][Qd]
*** SHOW DOWN ***
JipiSan shows [Qc Ks] (Two pairs : Queens and Tens)
manggy94 shows [7h Th] (Trips of Tens)
manggy94 collected 865 from pot
*** SUMMARY ***
Total pot 865 | No rake
Board: [Tc 8s Td 2c Qd]
Seat 2: manggy94 (small blind) showed [7h Th] and won 865 with Trips of Tens
Seat 3: JipiSan (big blind) showed [Qc Ks] and lost with Two pairs : Queens and Tens


Winamax Poker - Tournament "Déglingos" buyIn: 2,70€ + 0,30€ level: 7 - HandId: #596504840687845382-53-1449930187 - Holdem no limit (15/75/150) - 2015/12/12 14:23:07 UTC
Table: 'Déglingos(138884606)#005' 3-max (real money) Seat #1 is the button
Seat 1: pokerviet33 (650)
Seat 2: manggy94 (2850)
*** ANTE/BLINDS ***
pokerviet33 posts ante 15
manggy94 posts ante 15
pokerviet33 posts small blind 75
manggy94 posts big blind 150
Dealt to manggy94 [Tc 3c]
*** PRE-FLOP *** 
pokerviet33 folds
manggy94 collected 255 from pot
*** SUMMARY ***
Total pot 255 | No rake
Seat 2: manggy94 (big blind) won 255


Winamax Poker - Tournament "Déglingos" buyIn: 2,70€ + 0,30€ level: 7 - HandId: #596504840687845382-54-1449930204 - Holdem no limit (15/75/150) - 2015/12/12 14:23:24 UTC
Table: 'Déglingos(138884606)#005' 3-max (real money) Seat #2 is the button
Seat 1: pokerviet33 (560)
Seat 2: manggy94 (2940)
*** ANTE/BLINDS ***
manggy94 posts ante 15
pokerviet33 posts ante 15
manggy94 posts small blind 75
pokerviet33 posts big blind 150
Dealt to manggy94 [3d Ac]
*** PRE-FLOP *** 
manggy94 calls 75
pokerviet33 checks
*** FLOP *** [7d 4d 8d]
pokerviet33 checks
manggy94 bets 150
pokerviet33 raises 245 to 395 and is all-in
manggy94 calls 245
*** TURN *** [7d 4d 8d][4c]
*** RIVER *** [7d 4d 8d 4c][Qd]
*** SHOW DOWN ***
manggy94 shows [3d Ac] (Flush Queen high)
pokerviet33 shows [Kh 6d] (Flush Queen high)
pokerviet33 collected 1120 from pot
*** SUMMARY ***
Total pot 1120 | No rake
Board: [7d 4d 8d 4c Qd]
Seat 1: pokerviet33 (big blind) showed [Kh 6d] and won 1120 with Flush Queen high
Seat 2: manggy94 (small blind) (button) showed [3d Ac] and lost with Flush Queen high


Winamax Poker - Tournament "Déglingos" buyIn: 2,70€ + 0,30€ level: 7 - HandId: #596504840687845382-55-1449930233 - Holdem no limit (15/75/150) - 2015/12/12 14:23:53 UTC
Table: 'Déglingos(138884606)#005' 3-max (real money) Seat #1 is the button
Seat 1: pokerviet33 (1120)
Seat 2: manggy94 (2380)
*** ANTE/BLINDS ***
pokerviet33 posts ante 15
manggy94 posts ante 15
pokerviet33 posts small blind 75
manggy94 posts big blind 150
Dealt to manggy94 [Qd 2d]
*** PRE-FLOP *** 
pokerviet33 calls 75
manggy94 checks
*** FLOP *** [6d Ad 6h]
manggy94 bets 330
pokerviet33 folds
manggy94 collected 660 from pot
*** SUMMARY ***
Total pot 660 | No rake
Board: [6d Ad 6h]
Seat 2: manggy94 (big blind) won 660


Winamax Poker - Tournament "Déglingos" buyIn: 2,70€ + 0,30€ level: 8 - HandId: #596504840687845382-56-1449930249 - Holdem no limit (20/100/200) - 2015/12/12 14:24:09 UTC
Table: 'Déglingos(138884606)#005' 3-max (real money) Seat #2 is the button
Seat 1: pokerviet33 (955)
Seat 2: manggy94 (2545)
*** ANTE/BLINDS ***
manggy94 posts ante 20
pokerviet33 posts ante 20
manggy94 posts small blind 100
pokerviet33 posts big blind 200
Dealt to manggy94 [Ts 4h]
*** PRE-FLOP *** 
manggy94 folds
pokerviet33 collected 340 from pot
*** SUMMARY ***
Total pot 340 | No rake
Seat 1: pokerviet33 (big blind) won 340


Winamax Poker - Tournament "Déglingos" buyIn: 2,70€ + 0,30€ level: 8 - HandId: #596504840687845382-57-1449930255 - Holdem no limit (20/100/200) - 2015/12/12 14:24:15 UTC
Table: 'Déglingos(138884606)#005' 3-max (real money) Seat #3 is the button
Seat 1: pokerviet33 (1075)
Seat 2: manggy94 (2425)
Seat 3: I_DESTROY_U (500)
*** ANTE/BLINDS ***
pokerviet33 posts ante 20
manggy94 posts ante 20
I_DESTROY_U posts ante 20
pokerviet33 posts small blind 100
manggy94 posts big blind 200
Dealt to manggy94 [2c Qd]
*** PRE-FLOP *** 
I_DESTROY_U raises 280 to 480 and is all-in
pokerviet33 calls 380
manggy94 folds
*** FLOP *** [6c 3c Td]
*** TURN *** [6c 3c Td][8d]
*** RIVER *** [6c 3c Td 8d][2d]
*** SHOW DOWN ***
I_DESTROY_U shows [Ah 2s] (One pair : 2)
pokerviet33 shows [Kh 8c] (One pair : 8)
pokerviet33 collected 1220 from pot
*** SUMMARY ***
Total pot 1220 | No rake
Board: [6c 3c Td 8d 2d]
Seat 1: pokerviet33 (small blind) showed [Kh 8c] and won 1220 with One pair : 8
Seat 3: I_DESTROY_U (button) showed [Ah 2s] and lost with One pair : 2


Winamax Poker - Tournament "Déglingos" buyIn: 2,70€ + 0,30€ level: 8 - HandId: #596504840687845382-58-1449930284 - Holdem no limit (20/100/200) - 2015/12/12 14:24:44 UTC
Table: 'Déglingos(138884606)#005' 3-max (real money) Seat #2 is the button
Seat 1: pokerviet33 (1795)
Seat 2: manggy94 (2205)
*** ANTE/BLINDS ***
manggy94 posts ante 20
pokerviet33 posts ante 20
manggy94 posts small blind 100
pokerviet33 posts big blind 200
Dealt to manggy94 [Qc Kh]
*** PRE-FLOP *** 
manggy94 raises 440 to 640
pokerviet33 folds
manggy94 collected 880 from pot
*** SUMMARY ***
Total pot 880 | No rake
Seat 2: manggy94 (small blind) (button) won 880


Winamax Poker - Tournament "Déglingos" buyIn: 2,70€ + 0,30€ level: 8 - HandId: #596504840687845382-59-1449930295 - Holdem no limit (20/100/200) - 2015/12/12 14:24:55 UTC
Table: 'Déglingos(138884606)#005' 3-max (real money) Seat #3 is the button
Seat 1: pokerviet33 (1575)
Seat 2: manggy94 (2425)
Seat 3: Delafourche (545)
*** ANTE/BLINDS ***
pokerviet33 posts ante 20
manggy94 posts ante 20
Delafourche posts ante 20
pokerviet33 posts small blind 100
manggy94 posts big blind 200
Dealt to manggy94 [3d Kh]
*** PRE-FLOP *** 
Delafourche raises 325 to 525 and is all-in
pokerviet33 folds
manggy94 calls 325
*** FLOP *** [8h 7h 6c]
*** TURN *** [8h 7h 6c][Ah]
*** RIVER *** [8h 7h 6c Ah][9d]
*** SHOW DOWN ***
manggy94 shows [3d Kh] (High card : Ace)
Delafourche shows [Jc As] (One pair : Aces)
Delafourche collected 1210 from pot
*** SUMMARY ***
Total pot 1210 | No rake
Board: [8h 7h 6c Ah 9d]
Seat 2: manggy94 (big blind) showed [3d Kh] and lost with High card : Ace
Seat 3: Delafourche (button) showed [Jc As] and won 1210 with One pair : Aces


Winamax Poker - Tournament "Déglingos" buyIn: 2,70€ + 0,30€ level: 8 - HandId: #596504840687845382-60-1449930321 - Holdem no limit (20/100/200) - 2015/12/12 14:25:21 UTC
Table: 'Déglingos(138884606)#005' 3-max (real money) Seat #1 is the button
Seat 1: pokerviet33 (1455)
Seat 2: manggy94 (1880)
Seat 3: Delafourche (1210)
*** ANTE/BLINDS ***
manggy94 posts ante 20
Delafourche posts ante 20
pokerviet33 posts ante 20
manggy94 posts small blind 100
Delafourche posts big blind 200
Dealt to manggy94 [7h 5d]
*** PRE-FLOP *** 
pokerviet33 raises 200 to 400
manggy94 folds
Delafourche folds
pokerviet33 collected 760 from pot
*** SUMMARY ***
Total pot 760 | No rake
Seat 1: pokerviet33 (button) won 760


Winamax Poker - Tournament "Déglingos" buyIn: 2,70€ + 0,30€ level: 8 - HandId: #596504840687845382-61-1449930338 - Holdem no limit (20/100/200) - 2015/12/12 14:25:38 UTC
Table: 'Déglingos(138884606)#005' 3-max (real money) Seat #2 is the button
Seat 1: pokerviet33 (1795)
Seat 2: manggy94 (1760)
Seat 3: Delafourche (990)
*** ANTE/BLINDS ***
Delafourche posts ante 20
pokerviet33 posts ante 20
manggy94 posts ante 20
Delafourche posts small blind 100
pokerviet33 posts big blind 200
Dealt to manggy94 [9h 2d]
*** PRE-FLOP *** 
manggy94 folds
Delafourche raises 770 to 970 and is all-in
pokerviet33 raises 770 to 1740
*** FLOP *** [Kc 5d 6s]
*** TURN *** [Kc 5d 6s][As]
*** RIVER *** [Kc 5d 6s As][2s]
*** SHOW DOWN ***
Delafourche shows [Jc Qs] (High card : Ace)
pokerviet33 shows [Jd 8h] (High card : Ace)
pokerviet33 collected 770 from side pot 1
Delafourche collected 2000 from main pot
*** SUMMARY ***
Total pot 2770 | No rake
Board: [Kc 5d 6s As 2s]
Seat 1: pokerviet33 (big blind) showed [Jd 8h] and won 770 with High card : Ace
Seat 3: Delafourche (small blind) showed [Jc Qs] and won 2000 with High card : Ace


Winamax Poker - Tournament "Déglingos" buyIn: 2,70€ + 0,30€ level: 8 - HandId: #596504840687845382-62-1449930356 - Holdem no limit (20/100/200) - 2015/12/12 14:25:56 UTC
Table: 'Déglingos(138884606)#005' 3-max (real money) Seat #3 is the button
Seat 1: pokerviet33 (805)
Seat 2: manggy94 (1740)
Seat 3: Delafourche (2000)
*** ANTE/BLINDS ***
pokerviet33 posts ante 20
manggy94 posts ante 20
Delafourche posts ante 20
pokerviet33 posts small blind 100
manggy94 posts big blind 200
Dealt to manggy94 [5d 2c]
*** PRE-FLOP *** 
Delafourche folds
pokerviet33 raises 585 to 785 and is all-in
manggy94 folds
pokerviet33 collected 1045 from pot
*** SUMMARY ***
Total pot 1045 | No rake
Seat 1: pokerviet33 (small blind) won 1045


Winamax Poker - Tournament "Déglingos" buyIn: 2,70€ + 0,30€ level: 8 - HandId: #596504840687845382-63-1449930378 - Holdem no limit (20/100/200) - 2015/12/12 14:26:18 UTC
Table: 'Déglingos(138884606)#005' 3-max (real money) Seat #2 is the button
Seat 1: pokerviet33 (1045)
Seat 2: manggy94 (1520)
*** ANTE/BLINDS ***
manggy94 posts ante 20
pokerviet33 posts ante 20
manggy94 posts small blind 100
pokerviet33 posts big blind 200
Dealt to manggy94 [7d Kc]
*** PRE-FLOP *** 
manggy94 calls 100
pokerviet33 checks
*** FLOP *** [3s Qh Jc]
pokerviet33 checks
manggy94 bets 200
pokerviet33 raises 625 to 825 and is all-in
manggy94 folds
pokerviet33 collected 1465 from pot
*** SUMMARY ***
Total pot 1465 | No rake
Board: [3s Qh Jc]
Seat 1: pokerviet33 (big blind) won 1465


Winamax Poker - Tournament "Déglingos" buyIn: 2,70€ + 0,30€ level: 8 - HandId: #596504840687845382-64-1449930407 - Holdem no limit (20/100/200) - 2015/12/12 14:26:47 UTC
Table: 'Déglingos(138884606)#005' 3-max (real money) Seat #1 is the button
Seat 1: pokerviet33 (1465)
Seat 2: manggy94 (1100)
*** ANTE/BLINDS ***
pokerviet33 posts ante 20
manggy94 posts ante 20
pokerviet33 posts small blind 100
manggy94 posts big blind 200
Dealt to manggy94 [Js Qc]
*** PRE-FLOP *** 
pokerviet33 raises 1245 to 1445 and is all-in
manggy94 calls 880 and is all-in
*** FLOP *** [8h 9c Jh]
*** TURN *** [8h 9c Jh][5h]
*** RIVER *** [8h 9c Jh 5h][4c]
*** SHOW DOWN ***
manggy94 shows [Js Qc] (One pair : Jacks)
pokerviet33 shows [7s Qd] (High card : Queen)
pokerviet33 collected 365 from side pot 1
manggy94 collected 2200 from main pot
*** SUMMARY ***
Total pot 2565 | No rake
Board: [8h 9c Jh 5h 4c]
Seat 1: pokerviet33 (small blind) (button) showed [7s Qd] and won 365 with High card : Queen
Seat 2: manggy94 (big blind) showed [Js Qc] and won 2200 with One pair : Jacks


Winamax Poker - Tournament "Déglingos" buyIn: 2,70€ + 0,30€ level: 9 - HandId: #596504840687845382-65-1449930423 - Holdem no limit (25/125/250) - 2015/12/12 14:27:03 UTC
Table: 'Déglingos(138884606)#005' 3-max (real money) Seat #1 is the button
Seat 1: pokerviet33 (365)
Seat 2: manggy94 (2200)
Seat 3: Delafourche (1960)
*** ANTE/BLINDS ***
manggy94 posts ante 25
Delafourche posts ante 25
pokerviet33 posts ante 25
manggy94 posts small blind 125
Delafourche posts big blind 250
Dealt to manggy94 [3c Qd]
*** PRE-FLOP *** 
pokerviet33 folds
manggy94 folds
Delafourche collected 450 from pot
*** SUMMARY ***
Total pot 450 | No rake
Seat 3: Delafourche (big blind) won 450


Winamax Poker - Tournament "Déglingos" buyIn: 2,70€ + 0,30€ level: 9 - HandId: #596504840687845382-66-1449930432 - Holdem no limit (25/125/250) - 2015/12/12 14:27:12 UTC
Table: 'Déglingos(138884606)#005' 3-max (real money) Seat #2 is the button
Seat 1: pokerviet33 (340)
Seat 2: manggy94 (2050)
Seat 3: Delafourche (2135)
*** ANTE/BLINDS ***
Delafourche posts ante 25
pokerviet33 posts ante 25
manggy94 posts ante 25
Delafourche posts small blind 125
pokerviet33 posts big blind 250
Dealt to manggy94 [2h 9d]
*** PRE-FLOP *** 
manggy94 folds
Delafourche raises 250 to 500
pokerviet33 calls 65 and is all-in
*** FLOP *** [Kh Jc Kc]
*** TURN *** [Kh Jc Kc][Kd]
*** RIVER *** [Kh Jc Kc Kd][6s]
*** SHOW DOWN ***
pokerviet33 shows [Ts Ad] (Trips of Kings)
Delafourche shows [As 9h] (Trips of Kings)
Delafourche collected 538 from side pot 1
pokerviet33 collected 352 from main pot
*** SUMMARY ***
Total pot 890 | No rake
Board: [Kh Jc Kc Kd 6s]
Seat 1: pokerviet33 (big blind) showed [Ts Ad] and won 352 with Trips of Kings
Seat 3: Delafourche (small blind) showed [As 9h] and won 538 with Trips of Kings


Winamax Poker - Tournament "Déglingos" buyIn: 2,70€ + 0,30€ level: 9 - HandId: #596504840687845382-67-1449930462 - Holdem no limit (25/125/250) - 2015/12/12 14:27:42 UTC
Table: 'Déglingos(138884606)#005' 3-max (real money) Seat #3 is the button
Seat 1: pokerviet33 (352)
Seat 2: manggy94 (2025)
Seat 3: Delafourche (2148)
*** ANTE/BLINDS ***
pokerviet33 posts ante 25
manggy94 posts ante 25
Delafourche posts ante 25
pokerviet33 posts small blind 125
manggy94 posts big blind 250
Dealt to manggy94 [9h 5d]
*** PRE-FLOP *** 
Delafourche folds
pokerviet33 raises 77 to 327 and is all-in
manggy94 folds
pokerviet33 collected 652 from pot
*** SUMMARY ***
Total pot 652 | No rake
Seat 1: pokerviet33 (small blind) won 652


Winamax Poker - Tournament "Déglingos" buyIn: 2,70€ + 0,30€ level: 9 - HandId: #596504840687845382-68-1449930500 - Holdem no limit (25/125/250) - 2015/12/12 14:28:20 UTC
Table: 'Déglingos(138884606)#005' 3-max (real money) Seat #1 is the button
Seat 1: pokerviet33 (652)
Seat 2: manggy94 (1750)
Seat 3: Delafourche (2123)
*** ANTE/BLINDS ***
manggy94 posts ante 25
Delafourche posts ante 25
pokerviet33 posts ante 25
manggy94 posts small blind 125
Delafourche posts big blind 250
Dealt to manggy94 [7h Ad]
*** PRE-FLOP *** 
pokerviet33 folds
manggy94 raises 250 to 500
Delafourche calls 250
*** FLOP *** [6c 3s Qs]
manggy94 bets 250
Delafourche calls 250
*** TURN *** [6c 3s Qs][7s]
manggy94 bets 975 and is all-in
Delafourche calls 975
*** RIVER *** [6c 3s Qs 7s][9d]
*** SHOW DOWN ***
manggy94 shows [7h Ad] (One pair : 7)
Delafourche shows [Ks 2s] (Flush King high)
Delafourche collected 3525 from pot
*** SUMMARY ***
Total pot 3525 | No rake
Board: [6c 3s Qs 7s 9d]
Seat 2: manggy94 (small blind) showed [7h Ad] and lost with One pair : 7
Seat 3: Delafourche (big blind) showed [Ks 2s] and won 3525 with Flush King high


