Winamax Poker - Tournament "KILL THE FISH" buyIn: 3,50€ + 1,50€ level: 7 - HandId: #565681402297712650-45-1444226854 - Holdem no limit (40/250/500) - 2015/10/07 14:07:34 UTC
Table: 'KILL THE FISH(131707965)#009' 9-max (real money) Seat #7 is the button
Seat 1: zoralucky (23205)
Seat 2: manggy94 (10000)
Seat 3: ak13000 (9960)
Seat 4: Osco manosco (23134)
Seat 5: Ridersvenson (24238)
Seat 6: IBrokeUrMum (9170)
Seat 7: Bendu72400 (31380)
Seat 8: nenoux26 (74528)
Seat 9: Lissaa (11670)
*** ANTE/BLINDS ***
nenoux26 posts ante 40
Lissaa posts ante 40
zoralucky posts ante 40
manggy94 posts ante 40
ak13000 posts ante 40
Osco manosco posts ante 40
Ridersvenson posts ante 40
IBrokeUrMum posts ante 40
Bendu72400 posts ante 40
nenoux26 posts small blind 250
Lissaa posts big blind 500
Dealt to manggy94 [6c 5s]
*** PRE-FLOP *** 
zoralucky calls 500
manggy94 folds
ak13000 calls 500
Osco manosco folds
Ridersvenson raises 1000 to 1500
IBrokeUrMum folds
Bendu72400 folds
nenoux26 calls 1250
Lissaa calls 1000
zoralucky calls 1000
ak13000 calls 1000
*** FLOP *** [2s 7s 7h]
nenoux26 checks
Lissaa checks
zoralucky checks
ak13000 bets 1500
Ridersvenson folds
nenoux26 folds
Lissaa folds
zoralucky folds
ak13000 shows [Ks 7d] (Trips of 7)
ak13000 collected 9360 from pot
*** SUMMARY ***
Total pot 9360 | No rake
Board: [2s 7s 7h]
Seat 3: ak13000 showed [Ks 7d] and won 9360 with Trips of 7


Winamax Poker - Tournament "KILL THE FISH" buyIn: 3,50€ + 1,50€ level: 8 - HandId: #565681402297712650-46-1444227014 - Holdem no limit (60/300/600) - 2015/10/07 14:10:14 UTC
Table: 'KILL THE FISH(131707965)#009' 9-max (real money) Seat #8 is the button
Seat 1: zoralucky (21665)
Seat 2: manggy94 (9960)
Seat 3: ak13000 (16280)
Seat 4: Osco manosco (23094)
Seat 5: Ridersvenson (22698)
Seat 6: IBrokeUrMum (9130)
Seat 7: Bendu72400 (31340)
Seat 8: nenoux26 (72988)
Seat 9: Lissaa (10130)
*** ANTE/BLINDS ***
Lissaa posts ante 60
zoralucky posts ante 60
manggy94 posts ante 60
ak13000 posts ante 60
Osco manosco posts ante 60
Ridersvenson posts ante 60
IBrokeUrMum posts ante 60
Bendu72400 posts ante 60
nenoux26 posts ante 60
Lissaa posts small blind 300
zoralucky posts big blind 600
Dealt to manggy94 [Td 2c]
*** PRE-FLOP *** 
manggy94 folds
ak13000 calls 600
Osco manosco folds
Ridersvenson folds
IBrokeUrMum folds
Bendu72400 calls 600
nenoux26 calls 600
Lissaa calls 300
zoralucky checks
*** FLOP *** [6s Tc 5h]
Lissaa bets 1770
zoralucky calls 1770
ak13000 calls 1770
Bendu72400 calls 1770
nenoux26 folds
*** TURN *** [6s Tc 5h][Kd]
Lissaa bets 7700 and is all-in
zoralucky folds
ak13000 raises 6150 to 13850 and is all-in
Bendu72400 folds
*** RIVER *** [6s Tc 5h Kd][6d]
*** SHOW DOWN ***
Lissaa shows [5c Ah] (Two pairs : 6 and 5)
ak13000 shows [Ts 9h] (Two pairs : Tens and 6)
ak13000 collected 32170 from pot
*** SUMMARY ***
Total pot 32170 | No rake
Board: [6s Tc 5h Kd 6d]
Seat 3: ak13000 showed [Ts 9h] and won 32170 with Two pairs : Tens and 6
Seat 9: Lissaa (small blind) showed [5c Ah] and lost with Two pairs : 6 and 5


Winamax Poker - Tournament "KILL THE FISH" buyIn: 3,50€ + 1,50€ level: 8 - HandId: #565681402297712650-47-1444227124 - Holdem no limit (60/300/600) - 2015/10/07 14:12:04 UTC
Table: 'KILL THE FISH(131707965)#009' 9-max (real money) Seat #9 is the button
Seat 1: zoralucky (19235)
Seat 2: manggy94 (9900)
Seat 3: ak13000 (32170)
Seat 4: Osco manosco (23034)
Seat 5: Ridersvenson (22638)
Seat 6: IBrokeUrMum (9070)
Seat 7: Bendu72400 (28910)
Seat 8: nenoux26 (72328)
*** ANTE/BLINDS ***
zoralucky posts ante 60
manggy94 posts ante 60
ak13000 posts ante 60
Osco manosco posts ante 60
Ridersvenson posts ante 60
IBrokeUrMum posts ante 60
Bendu72400 posts ante 60
nenoux26 posts ante 60
zoralucky posts small blind 300
manggy94 posts big blind 600
Dealt to manggy94 [Ad 4d]
*** PRE-FLOP *** 
ak13000 calls 600
Osco manosco raises 22374 to 22974 and is all-in
Ridersvenson folds
IBrokeUrMum folds
Bendu72400 folds
nenoux26 folds
zoralucky folds
manggy94 folds
ak13000 folds
Osco manosco collected 24954 from pot
*** SUMMARY ***
Total pot 24954 | No rake
Seat 4: Osco manosco won 24954


Winamax Poker - Tournament "KILL THE FISH" buyIn: 3,50€ + 1,50€ level: 8 - HandId: #565681402297712650-48-1444227149 - Holdem no limit (60/300/600) - 2015/10/07 14:12:29 UTC
Table: 'KILL THE FISH(131707965)#009' 9-max (real money) Seat #1 is the button
Seat 1: zoralucky (18875)
Seat 2: manggy94 (9240)
Seat 3: ak13000 (31510)
Seat 4: Osco manosco (24954)
Seat 5: Ridersvenson (22578)
Seat 6: IBrokeUrMum (9010)
Seat 7: Bendu72400 (28850)
Seat 8: nenoux26 (72268)
Seat 9: TaPiPrFlop35 (10000)
*** ANTE/BLINDS ***
manggy94 posts ante 60
ak13000 posts ante 60
zoralucky posts ante 60
Osco manosco posts ante 60
Ridersvenson posts ante 60
IBrokeUrMum posts ante 60
Bendu72400 posts ante 60
nenoux26 posts ante 60
TaPiPrFlop35 posts ante 60
manggy94 posts small blind 300
ak13000 posts big blind 600
Dealt to manggy94 [Qs Td]
*** PRE-FLOP *** 
Osco manosco folds
Ridersvenson folds
IBrokeUrMum folds
Bendu72400 folds
nenoux26 folds
TaPiPrFlop35 folds
zoralucky calls 600
manggy94 calls 300
ak13000 checks
*** FLOP *** [Ad 8d 9d]
manggy94 bets 2340
ak13000 calls 2340
zoralucky folds
*** TURN *** [Ad 8d 9d][4s]
manggy94 checks
ak13000 bets 28510 and is all-in
manggy94 folds
ak13000 collected 35530 from pot
*** SUMMARY ***
Total pot 35530 | No rake
Board: [Ad 8d 9d 4s]
Seat 3: ak13000 (big blind) won 35530


Winamax Poker - Tournament "KILL THE FISH" buyIn: 3,50€ + 1,50€ level: 8 - HandId: #565681402297712650-49-1444227191 - Holdem no limit (60/300/600) - 2015/10/07 14:13:11 UTC
Table: 'KILL THE FISH(131707965)#009' 9-max (real money) Seat #2 is the button
Seat 1: zoralucky (18215)
Seat 2: manggy94 (6240)
Seat 3: ak13000 (35530)
Seat 4: Osco manosco (24894)
Seat 5: Ridersvenson (22518)
Seat 6: IBrokeUrMum (8950)
Seat 7: Bendu72400 (28790)
Seat 8: nenoux26 (72208)
Seat 9: TaPiPrFlop35 (9940)
*** ANTE/BLINDS ***
ak13000 posts ante 60
Osco manosco posts ante 60
zoralucky posts ante 60
manggy94 posts ante 60
Ridersvenson posts ante 60
IBrokeUrMum posts ante 60
Bendu72400 posts ante 60
nenoux26 posts ante 60
TaPiPrFlop35 posts ante 60
ak13000 posts small blind 300
Osco manosco posts big blind 600
Dealt to manggy94 [2s Qs]
*** PRE-FLOP *** 
Ridersvenson folds
IBrokeUrMum folds
Bendu72400 raises 600 to 1200
nenoux26 folds
TaPiPrFlop35 calls 1200
zoralucky calls 1200
manggy94 calls 1200
ak13000 calls 900
Osco manosco calls 600
*** FLOP *** [7s 4s 6c]
ak13000 checks
Osco manosco checks
Bendu72400 checks
TaPiPrFlop35 checks
zoralucky bets 7740
manggy94 folds
ak13000 folds
Osco manosco calls 7740
Bendu72400 raises 19790 to 27530 and is all-in
TaPiPrFlop35 folds
zoralucky folds
Osco manosco calls 15894 and is all-in
*** TURN *** [7s 4s 6c][6d]
*** RIVER *** [7s 4s 6c 6d][3s]
*** SHOW DOWN ***
Osco manosco shows [9s 5s] (Flush 9 high)
Bendu72400 shows [Td Th] (Two pairs : Tens and 6)
Bendu72400 collected 3896 from side pot 1
Osco manosco collected 62748 from main pot
*** SUMMARY ***
Total pot 66644 | No rake
Board: [7s 4s 6c 6d 3s]
Seat 4: Osco manosco (big blind) showed [9s 5s] and won 62748 with Flush 9 high
Seat 7: Bendu72400 showed [Td Th] and won 3896 with Two pairs : Tens and 6


Winamax Poker - Tournament "KILL THE FISH" buyIn: 3,50€ + 1,50€ level: 9 - HandId: #565681402297712650-50-1444227278 - Holdem no limit (75/400/800) - 2015/10/07 14:14:38 UTC
Table: 'KILL THE FISH(131707965)#009' 9-max (real money) Seat #3 is the button
Seat 1: zoralucky (9215)
Seat 2: manggy94 (4980)
Seat 3: ak13000 (34270)
Seat 4: Osco manosco (62748)
Seat 5: Ridersvenson (22458)
Seat 6: IBrokeUrMum (8890)
Seat 7: Bendu72400 (3896)
Seat 8: nenoux26 (72148)
Seat 9: TaPiPrFlop35 (8680)
*** ANTE/BLINDS ***
Osco manosco posts ante 75
Ridersvenson posts ante 75
zoralucky posts ante 75
manggy94 posts ante 75
ak13000 posts ante 75
IBrokeUrMum posts ante 75
Bendu72400 posts ante 75
nenoux26 posts ante 75
TaPiPrFlop35 posts ante 75
Osco manosco posts small blind 400
Ridersvenson posts big blind 800
Dealt to manggy94 [6s Td]
*** PRE-FLOP *** 
IBrokeUrMum folds
Bendu72400 raises 3021 to 3821 and is all-in
nenoux26 folds
TaPiPrFlop35 folds
zoralucky raises 5319 to 9140 and is all-in
manggy94 folds
ak13000 raises 25055 to 34195 and is all-in
Osco manosco folds
Ridersvenson folds
*** FLOP *** [6h 5h 8s]
*** TURN *** [6h 5h 8s][9h]
*** RIVER *** [6h 5h 8s 9h][As]
*** SHOW DOWN ***
zoralucky shows [Jh 2c] (High card : Ace)
Bendu72400 shows [Ah 5c] (Two pairs : Aces and 5)
ak13000 shows [Qh Js] (High card : Ace)
ak13000 collected 35693 from side pot 1
Bendu72400 collected 13338 from main pot
*** SUMMARY ***
Total pot 49031 | No rake
Board: [6h 5h 8s 9h As]
Seat 1: zoralucky showed [Jh 2c] and lost with High card : Ace
Seat 3: ak13000 (button) showed [Qh Js] and won 35693 with High card : Ace
Seat 7: Bendu72400 showed [Ah 5c] and won 13338 with Two pairs : Aces and 5


Winamax Poker - Tournament "KILL THE FISH" buyIn: 3,50€ + 1,50€ level: 9 - HandId: #565681402297712650-51-1444227310 - Holdem no limit (75/400/800) - 2015/10/07 14:15:10 UTC
Table: 'KILL THE FISH(131707965)#009' 9-max (real money) Seat #4 is the button
Seat 2: manggy94 (4905)
Seat 3: ak13000 (35693)
Seat 4: Osco manosco (62273)
Seat 5: Ridersvenson (21583)
Seat 6: IBrokeUrMum (8815)
Seat 7: Bendu72400 (13338)
Seat 8: nenoux26 (72073)
Seat 9: TaPiPrFlop35 (8605)
*** ANTE/BLINDS ***
Ridersvenson posts ante 75
IBrokeUrMum posts ante 75
manggy94 posts ante 75
ak13000 posts ante 75
Osco manosco posts ante 75
Bendu72400 posts ante 75
nenoux26 posts ante 75
TaPiPrFlop35 posts ante 75
Ridersvenson posts small blind 400
IBrokeUrMum posts big blind 800
Dealt to manggy94 [Qd Kh]
*** PRE-FLOP *** 
Bendu72400 folds
nenoux26 folds
TaPiPrFlop35 folds
manggy94 raises 4030 to 4830 and is all-in
ak13000 raises 30788 to 35618 and is all-in
Osco manosco folds
Ridersvenson folds
IBrokeUrMum folds
*** FLOP *** [4h 6c 8c]
*** TURN *** [4h 6c 8c][3h]
*** RIVER *** [4h 6c 8c 3h][Qc]
*** SHOW DOWN ***
manggy94 shows [Qd Kh] (One pair : Queens)
ak13000 shows [Ah 5h] (High card : Ace)
ak13000 collected 30788 from side pot 1
manggy94 collected 11460 from main pot
*** SUMMARY ***
Total pot 42248 | No rake
Board: [4h 6c 8c 3h Qc]
Seat 2: manggy94 showed [Qd Kh] and won 11460 with One pair : Queens
Seat 3: ak13000 showed [Ah 5h] and won 30788 with High card : Ace


Winamax Poker - Tournament "KILL THE FISH" buyIn: 3,50€ + 1,50€ level: 9 - HandId: #565681402297712650-52-1444227359 - Holdem no limit (75/400/800) - 2015/10/07 14:15:59 UTC
Table: 'KILL THE FISH(131707965)#009' 9-max (real money) Seat #5 is the button
Seat 2: manggy94 (11460)
Seat 3: ak13000 (30788)
Seat 4: Osco manosco (62198)
Seat 5: Ridersvenson (21108)
Seat 6: IBrokeUrMum (7940)
Seat 7: Bendu72400 (13263)
Seat 8: nenoux26 (71998)
Seat 9: TaPiPrFlop35 (8530)
*** ANTE/BLINDS ***
IBrokeUrMum posts ante 75
Bendu72400 posts ante 75
manggy94 posts ante 75
ak13000 posts ante 75
Osco manosco posts ante 75
Ridersvenson posts ante 75
nenoux26 posts ante 75
TaPiPrFlop35 posts ante 75
IBrokeUrMum posts small blind 400
Bendu72400 posts big blind 800
Dealt to manggy94 [Qc 7s]
*** PRE-FLOP *** 
nenoux26 folds
TaPiPrFlop35 folds
manggy94 folds
ak13000 folds
Osco manosco raises 1600 to 2400
Ridersvenson folds
IBrokeUrMum folds
Bendu72400 folds
Osco manosco collected 4200 from pot
*** SUMMARY ***
Total pot 4200 | No rake
Seat 4: Osco manosco won 4200


Winamax Poker - Tournament "KILL THE FISH" buyIn: 3,50€ + 1,50€ level: 9 - HandId: #565681402297712650-53-1444227398 - Holdem no limit (75/400/800) - 2015/10/07 14:16:38 UTC
Table: 'KILL THE FISH(131707965)#009' 9-max (real money) Seat #6 is the button
Seat 2: manggy94 (11385)
Seat 3: ak13000 (30713)
Seat 4: Osco manosco (63923)
Seat 5: Ridersvenson (21033)
Seat 6: IBrokeUrMum (7465)
Seat 7: Bendu72400 (12388)
Seat 8: nenoux26 (71923)
Seat 9: TaPiPrFlop35 (8455)
*** ANTE/BLINDS ***
Bendu72400 posts ante 75
nenoux26 posts ante 75
manggy94 posts ante 75
ak13000 posts ante 75
Osco manosco posts ante 75
Ridersvenson posts ante 75
IBrokeUrMum posts ante 75
TaPiPrFlop35 posts ante 75
Bendu72400 posts small blind 400
nenoux26 posts big blind 800
Dealt to manggy94 [Jc Kc]
*** PRE-FLOP *** 
TaPiPrFlop35 folds
manggy94 raises 2600 to 3400
ak13000 folds
Osco manosco folds
Ridersvenson folds
IBrokeUrMum folds
Bendu72400 folds
nenoux26 folds
manggy94 collected 5200 from pot
*** SUMMARY ***
Total pot 5200 | No rake
Seat 2: manggy94 won 5200


Winamax Poker - Tournament "KILL THE FISH" buyIn: 3,50€ + 1,50€ level: 9 - HandId: #565681402297712650-54-1444227415 - Holdem no limit (75/400/800) - 2015/10/07 14:16:55 UTC
Table: 'KILL THE FISH(131707965)#009' 9-max (real money) Seat #7 is the button
Seat 2: manggy94 (13110)
Seat 3: ak13000 (30638)
Seat 4: Osco manosco (63848)
Seat 5: Ridersvenson (20958)
Seat 6: IBrokeUrMum (7390)
Seat 7: Bendu72400 (11913)
Seat 8: nenoux26 (71048)
Seat 9: TaPiPrFlop35 (8380)
*** ANTE/BLINDS ***
nenoux26 posts ante 75
TaPiPrFlop35 posts ante 75
manggy94 posts ante 75
ak13000 posts ante 75
Osco manosco posts ante 75
Ridersvenson posts ante 75
IBrokeUrMum posts ante 75
Bendu72400 posts ante 75
nenoux26 posts small blind 400
TaPiPrFlop35 posts big blind 800
Dealt to manggy94 [6c 8d]
*** PRE-FLOP *** 
manggy94 folds
ak13000 folds
Osco manosco folds
Ridersvenson folds
IBrokeUrMum folds
Bendu72400 raises 11038 to 11838 and is all-in
nenoux26 folds
TaPiPrFlop35 calls 7505 and is all-in
*** FLOP *** [6s 4c Qc]
*** TURN *** [6s 4c Qc][Qd]
*** RIVER *** [6s 4c Qc Qd][5d]
*** SHOW DOWN ***
TaPiPrFlop35 shows [Ah 9h] (One pair : Queens)
Bendu72400 shows [Js Qs] (Trips of Queens)
Bendu72400 collected 21143 from pot
*** SUMMARY ***
Total pot 21143 | No rake
Board: [6s 4c Qc Qd 5d]
Seat 7: Bendu72400 (button) showed [Js Qs] and won 21143 with Trips of Queens
Seat 9: TaPiPrFlop35 (big blind) showed [Ah 9h] and lost with One pair : Queens


Winamax Poker - Tournament "KILL THE FISH" buyIn: 3,50€ + 1,50€ level: 9 - HandId: #565681402297712650-55-1444227446 - Holdem no limit (75/400/800) - 2015/10/07 14:17:26 UTC
Table: 'KILL THE FISH(131707965)#009' 9-max (real money) Seat #8 is the button
Seat 1: kehops6762 (9715)
Seat 2: manggy94 (13035)
Seat 3: ak13000 (30563)
Seat 4: Osco manosco (63773)
Seat 5: Ridersvenson (20883)
Seat 6: IBrokeUrMum (7315)
Seat 7: Bendu72400 (21143)
Seat 8: nenoux26 (70573)
*** ANTE/BLINDS ***
kehops6762 posts ante 75
manggy94 posts ante 75
ak13000 posts ante 75
Osco manosco posts ante 75
Ridersvenson posts ante 75
IBrokeUrMum posts ante 75
Bendu72400 posts ante 75
nenoux26 posts ante 75
kehops6762 posts big blind 800
Dealt to manggy94 [Qh Ac]
*** PRE-FLOP *** 
manggy94 calls 800
ak13000 folds
Osco manosco calls 800
Ridersvenson folds
IBrokeUrMum folds
Bendu72400 folds
nenoux26 folds
kehops6762 checks
*** FLOP *** [5s Ad Kd]
kehops6762 checks
manggy94 checks
Osco manosco bets 2000
kehops6762 folds
manggy94 calls 2000
*** TURN *** [5s Ad Kd][Tc]
manggy94 checks
Osco manosco checks
*** RIVER *** [5s Ad Kd Tc][3c]
manggy94 bets 10160 and is all-in
Osco manosco folds
manggy94 collected 17160 from pot
*** SUMMARY ***
Total pot 17160 | No rake
Board: [5s Ad Kd Tc 3c]
Seat 2: manggy94 won 17160


Winamax Poker - Tournament "KILL THE FISH" buyIn: 3,50€ + 1,50€ level: 9 - HandId: #565681402297712650-56-1444227497 - Holdem no limit (75/400/800) - 2015/10/07 14:18:17 UTC
Table: 'KILL THE FISH(131707965)#009' 9-max (real money) Seat #9 is the button
Seat 1: kehops6762 (8840)
Seat 2: manggy94 (17160)
Seat 3: ak13000 (30488)
Seat 4: Osco manosco (60898)
Seat 5: Ridersvenson (20808)
Seat 6: IBrokeUrMum (7240)
Seat 7: Bendu72400 (21068)
Seat 8: nenoux26 (70498)
*** ANTE/BLINDS ***
kehops6762 posts ante 75
manggy94 posts ante 75
ak13000 posts ante 75
Osco manosco posts ante 75
Ridersvenson posts ante 75
IBrokeUrMum posts ante 75
Bendu72400 posts ante 75
nenoux26 posts ante 75
kehops6762 posts small blind 400
manggy94 posts big blind 800
Dealt to manggy94 [Th 6d]
*** PRE-FLOP *** 
ak13000 folds
Osco manosco folds
Ridersvenson folds
IBrokeUrMum folds
Bendu72400 folds
nenoux26 raises 800 to 1600
kehops6762 folds
manggy94 calls 800
*** FLOP *** [2d 3s 4h]
manggy94 bets 800
nenoux26 folds
manggy94 collected 5000 from pot
*** SUMMARY ***
Total pot 5000 | No rake
Board: [2d 3s 4h]
Seat 2: manggy94 (big blind) won 5000


Winamax Poker - Tournament "KILL THE FISH" buyIn: 3,50€ + 1,50€ level: 9 - HandId: #565681402297712650-57-1444227523 - Holdem no limit (75/400/800) - 2015/10/07 14:18:43 UTC
Table: 'KILL THE FISH(131707965)#009' 9-max (real money) Seat #1 is the button
Seat 1: kehops6762 (8365)
Seat 2: manggy94 (19685)
Seat 3: ak13000 (30413)
Seat 4: Osco manosco (60823)
Seat 5: Ridersvenson (20733)
Seat 6: IBrokeUrMum (7165)
Seat 7: Bendu72400 (20993)
Seat 8: nenoux26 (68823)
*** ANTE/BLINDS ***
manggy94 posts ante 75
ak13000 posts ante 75
kehops6762 posts ante 75
Osco manosco posts ante 75
Ridersvenson posts ante 75
IBrokeUrMum posts ante 75
Bendu72400 posts ante 75
nenoux26 posts ante 75
manggy94 posts small blind 400
ak13000 posts big blind 800
Dealt to manggy94 [2d 3s]
*** PRE-FLOP *** 
Osco manosco folds
Ridersvenson folds
IBrokeUrMum folds
Bendu72400 folds
nenoux26 folds
kehops6762 folds
manggy94 calls 400
ak13000 checks
*** FLOP *** [3c Js Jh]
manggy94 bets 2200
ak13000 folds
manggy94 collected 4400 from pot
*** SUMMARY ***
Total pot 4400 | No rake
Board: [3c Js Jh]
Seat 2: manggy94 (small blind) won 4400


Winamax Poker - Tournament "KILL THE FISH" buyIn: 3,50€ + 1,50€ level: 9 - HandId: #565681402297712650-58-1444227565 - Holdem no limit (75/400/800) - 2015/10/07 14:19:25 UTC
Table: 'KILL THE FISH(131707965)#009' 9-max (real money) Seat #2 is the button
Seat 1: kehops6762 (8290)
Seat 2: manggy94 (21010)
Seat 3: ak13000 (29538)
Seat 4: Osco manosco (60748)
Seat 5: Ridersvenson (20658)
Seat 6: IBrokeUrMum (7090)
Seat 7: Bendu72400 (20918)
Seat 8: nenoux26 (68748)
*** ANTE/BLINDS ***
ak13000 posts ante 75
Osco manosco posts ante 75
kehops6762 posts ante 75
manggy94 posts ante 75
Ridersvenson posts ante 75
IBrokeUrMum posts ante 75
Bendu72400 posts ante 75
nenoux26 posts ante 75
ak13000 posts small blind 400
Osco manosco posts big blind 800
Dealt to manggy94 [5c 7d]
*** PRE-FLOP *** 
Ridersvenson folds
IBrokeUrMum folds
Bendu72400 raises 800 to 1600
nenoux26 calls 1600
kehops6762 raises 6615 to 8215 and is all-in
manggy94 folds
ak13000 folds
Osco manosco folds
Bendu72400 folds
nenoux26 calls 6615
*** FLOP *** [Qs Kd Qc]
*** TURN *** [Qs Kd Qc][5h]
*** RIVER *** [Qs Kd Qc 5h][4s]
*** SHOW DOWN ***
kehops6762 shows [6h 6d] (Two pairs : Queens and 6)
nenoux26 shows [4h 4d] (Full of 4 and Queens)
nenoux26 collected 19830 from pot
*** SUMMARY ***
Total pot 19830 | No rake
Board: [Qs Kd Qc 5h 4s]
Seat 1: kehops6762 showed [6h 6d] and lost with Two pairs : Queens and 6
Seat 8: nenoux26 showed [4h 4d] and won 19830 with Full of 4 and Queens


Winamax Poker - Tournament "KILL THE FISH" buyIn: 3,50€ + 1,50€ level: 10 - HandId: #565681402297712650-59-1444227605 - Holdem no limit (100/500/1000) - 2015/10/07 14:20:05 UTC
Table: 'KILL THE FISH(131707965)#009' 9-max (real money) Seat #3 is the button
Seat 2: manggy94 (20935)
Seat 3: ak13000 (29063)
Seat 4: Osco manosco (59873)
Seat 5: Ridersvenson (20583)
Seat 6: IBrokeUrMum (7015)
Seat 7: Bendu72400 (19243)
Seat 8: nenoux26 (80288)
*** ANTE/BLINDS ***
Osco manosco posts ante 100
Ridersvenson posts ante 100
manggy94 posts ante 100
ak13000 posts ante 100
IBrokeUrMum posts ante 100
Bendu72400 posts ante 100
nenoux26 posts ante 100
Osco manosco posts small blind 500
Ridersvenson posts big blind 1000
Dealt to manggy94 [Ac 9d]
*** PRE-FLOP *** 
IBrokeUrMum folds
Bendu72400 folds
nenoux26 folds
manggy94 calls 1000
ak13000 folds
Osco manosco calls 500
Ridersvenson checks
*** FLOP *** [7d 6d Qs]
Osco manosco checks
Ridersvenson bets 2000
manggy94 calls 2000
Osco manosco folds
*** TURN *** [7d 6d Qs][8c]
Ridersvenson checks
manggy94 checks
*** RIVER *** [7d 6d Qs 8c][Kc]
Ridersvenson checks
manggy94 checks
*** SHOW DOWN ***
manggy94 shows [Ac 9d] (High card : Ace)
Ridersvenson shows [8s Ts] (One pair : 8)
Ridersvenson collected 7700 from pot
*** SUMMARY ***
Total pot 7700 | No rake
Board: [7d 6d Qs 8c Kc]
Seat 2: manggy94 showed [Ac 9d] and lost with High card : Ace
Seat 5: Ridersvenson (big blind) showed [8s Ts] and won 7700 with One pair : 8


Winamax Poker - Tournament "KILL THE FISH" buyIn: 3,50€ + 1,50€ level: 10 - HandId: #565681402297712650-60-1444227668 - Holdem no limit (100/500/1000) - 2015/10/07 14:21:08 UTC
Table: 'KILL THE FISH(131707965)#009' 9-max (real money) Seat #4 is the button
Seat 1: jul_sat (51978)
Seat 2: manggy94 (17835)
Seat 3: ak13000 (28963)
Seat 4: Osco manosco (58773)
Seat 5: Ridersvenson (25183)
Seat 6: IBrokeUrMum (6915)
Seat 7: Bendu72400 (19143)
Seat 8: nenoux26 (80188)
Seat 9: -landscaper- (26230)
*** ANTE/BLINDS ***
Ridersvenson posts ante 100
IBrokeUrMum posts ante 100
jul_sat posts ante 100
manggy94 posts ante 100
ak13000 posts ante 100
Osco manosco posts ante 100
Bendu72400 posts ante 100
nenoux26 posts ante 100
-landscaper- posts ante 100
Ridersvenson posts small blind 500
IBrokeUrMum posts big blind 1000
Dealt to manggy94 [7s 4s]
*** PRE-FLOP *** 
Bendu72400 folds
nenoux26 folds
-landscaper- folds
jul_sat folds
manggy94 folds
ak13000 calls 1000
Osco manosco calls 1000
Ridersvenson raises 2000 to 3000
IBrokeUrMum folds
ak13000 calls 2000
Osco manosco calls 2000
*** FLOP *** [Ah 5c Js]
Ridersvenson bets 5000
ak13000 folds
Osco manosco folds
Ridersvenson collected 15900 from pot
*** SUMMARY ***
Total pot 15900 | No rake
Board: [Ah 5c Js]
Seat 5: Ridersvenson (small blind) won 15900


Winamax Poker - Tournament "KILL THE FISH" buyIn: 3,50€ + 1,50€ level: 10 - HandId: #565681402297712650-61-1444227713 - Holdem no limit (100/500/1000) - 2015/10/07 14:21:53 UTC
Table: 'KILL THE FISH(131707965)#009' 9-max (real money) Seat #5 is the button
Seat 1: jul_sat (51878)
Seat 2: manggy94 (17735)
Seat 3: ak13000 (25863)
Seat 4: Osco manosco (55673)
Seat 5: Ridersvenson (32983)
Seat 6: IBrokeUrMum (5815)
Seat 7: Bendu72400 (19043)
Seat 8: nenoux26 (80088)
Seat 9: -landscaper- (26130)
*** ANTE/BLINDS ***
IBrokeUrMum posts ante 100
Bendu72400 posts ante 100
jul_sat posts ante 100
manggy94 posts ante 100
ak13000 posts ante 100
Osco manosco posts ante 100
Ridersvenson posts ante 100
nenoux26 posts ante 100
-landscaper- posts ante 100
IBrokeUrMum posts small blind 500
Bendu72400 posts big blind 1000
Dealt to manggy94 [Kd 8s]
*** PRE-FLOP *** 
nenoux26 calls 1000
-landscaper- raises 2000 to 3000
jul_sat folds
manggy94 folds
ak13000 calls 3000
Osco manosco folds
Ridersvenson folds
IBrokeUrMum folds
Bendu72400 calls 2000
nenoux26 calls 2000
*** FLOP *** [4d 8d 3d]
Bendu72400 checks
nenoux26 checks
-landscaper- bets 23030 and is all-in
ak13000 folds
Bendu72400 folds
nenoux26 folds
-landscaper- collected 36430 from pot
*** SUMMARY ***
Total pot 36430 | No rake
Board: [4d 8d 3d]
Seat 9: -landscaper- won 36430


Winamax Poker - Tournament "KILL THE FISH" buyIn: 3,50€ + 1,50€ level: 10 - HandId: #565681402297712650-62-1444227784 - Holdem no limit (100/500/1000) - 2015/10/07 14:23:04 UTC
Table: 'KILL THE FISH(131707965)#009' 9-max (real money) Seat #6 is the button
Seat 1: jul_sat (51778)
Seat 2: manggy94 (17635)
Seat 3: ak13000 (22763)
Seat 4: Osco manosco (55573)
Seat 5: Ridersvenson (32883)
Seat 6: IBrokeUrMum (5215)
Seat 7: Bendu72400 (15943)
Seat 8: nenoux26 (76988)
Seat 9: -landscaper- (36430)
*** ANTE/BLINDS ***
Bendu72400 posts ante 100
nenoux26 posts ante 100
jul_sat posts ante 100
manggy94 posts ante 100
ak13000 posts ante 100
Osco manosco posts ante 100
Ridersvenson posts ante 100
IBrokeUrMum posts ante 100
-landscaper- posts ante 100
Bendu72400 posts small blind 500
nenoux26 posts big blind 1000
Dealt to manggy94 [Kd 7c]
*** PRE-FLOP *** 
-landscaper- folds
jul_sat calls 1000
manggy94 calls 1000
ak13000 calls 1000
Osco manosco folds
Ridersvenson folds
IBrokeUrMum folds
Bendu72400 raises 14843 to 15843 and is all-in
nenoux26 folds
jul_sat folds
manggy94 folds
ak13000 folds
Bendu72400 collected 20743 from pot
*** SUMMARY ***
Total pot 20743 | No rake
Seat 7: Bendu72400 (small blind) won 20743


Winamax Poker - Tournament "KILL THE FISH" buyIn: 3,50€ + 1,50€ level: 10 - HandId: #565681402297712650-63-1444227810 - Holdem no limit (100/500/1000) - 2015/10/07 14:23:30 UTC
Table: 'KILL THE FISH(131707965)#009' 9-max (real money) Seat #7 is the button
Seat 1: jul_sat (50678)
Seat 2: manggy94 (16535)
Seat 3: ak13000 (21663)
Seat 4: Osco manosco (55473)
Seat 5: Ridersvenson (32783)
Seat 6: IBrokeUrMum (5115)
Seat 7: Bendu72400 (20743)
Seat 8: nenoux26 (75888)
Seat 9: -landscaper- (36330)
*** ANTE/BLINDS ***
nenoux26 posts ante 100
-landscaper- posts ante 100
jul_sat posts ante 100
manggy94 posts ante 100
ak13000 posts ante 100
Osco manosco posts ante 100
Ridersvenson posts ante 100
IBrokeUrMum posts ante 100
Bendu72400 posts ante 100
nenoux26 posts small blind 500
-landscaper- posts big blind 1000
Dealt to manggy94 [3h 2c]
*** PRE-FLOP *** 
jul_sat folds
manggy94 folds
ak13000 folds
Osco manosco folds
Ridersvenson folds
IBrokeUrMum folds
Bendu72400 folds
nenoux26 calls 500
-landscaper- raises 2000 to 3000
nenoux26 calls 2000
*** FLOP *** [8h 5c 2s]
nenoux26 checks
-landscaper- bets 4600
nenoux26 folds
-landscaper- collected 11500 from pot
*** SUMMARY ***
Total pot 11500 | No rake
Board: [8h 5c 2s]
Seat 9: -landscaper- (big blind) won 11500


Winamax Poker - Tournament "KILL THE FISH" buyIn: 3,50€ + 1,50€ level: 10 - HandId: #565681402297712650-64-1444227831 - Holdem no limit (100/500/1000) - 2015/10/07 14:23:51 UTC
Table: 'KILL THE FISH(131707965)#009' 9-max (real money) Seat #8 is the button
Seat 1: jul_sat (50578)
Seat 2: manggy94 (16435)
Seat 4: Osco manosco (55373)
Seat 5: Ridersvenson (32683)
Seat 6: IBrokeUrMum (5015)
Seat 7: Bendu72400 (20643)
Seat 8: nenoux26 (72788)
Seat 9: -landscaper- (40130)
*** ANTE/BLINDS ***
-landscaper- posts ante 100
jul_sat posts ante 100
manggy94 posts ante 100
Osco manosco posts ante 100
Ridersvenson posts ante 100
IBrokeUrMum posts ante 100
Bendu72400 posts ante 100
nenoux26 posts ante 100
-landscaper- posts small blind 500
jul_sat posts big blind 1000
Dealt to manggy94 [Js 6h]
*** PRE-FLOP *** 
manggy94 folds
Osco manosco folds
Ridersvenson folds
IBrokeUrMum folds
Bendu72400 folds
nenoux26 calls 1000
-landscaper- calls 500
jul_sat checks
*** FLOP *** [Kd 5d 7h]
-landscaper- checks
jul_sat checks
nenoux26 checks
*** TURN *** [Kd 5d 7h][4d]
-landscaper- bets 1900
jul_sat folds
nenoux26 folds
-landscaper- collected 5700 from pot
*** SUMMARY ***
Total pot 5700 | No rake
Board: [Kd 5d 7h 4d]
Seat 9: -landscaper- (small blind) won 5700


Winamax Poker - Tournament "KILL THE FISH" buyIn: 3,50€ + 1,50€ level: 10 - HandId: #565681402297712650-65-1444227871 - Holdem no limit (100/500/1000) - 2015/10/07 14:24:31 UTC
Table: 'KILL THE FISH(131707965)#009' 9-max (real money) Seat #9 is the button
Seat 1: jul_sat (49478)
Seat 2: manggy94 (16335)
Seat 4: Osco manosco (55273)
Seat 5: Ridersvenson (32583)
Seat 6: IBrokeUrMum (4915)
Seat 7: Bendu72400 (20543)
Seat 8: nenoux26 (71688)
Seat 9: -landscaper- (42830)
*** ANTE/BLINDS ***
jul_sat posts ante 100
manggy94 posts ante 100
Osco manosco posts ante 100
Ridersvenson posts ante 100
IBrokeUrMum posts ante 100
Bendu72400 posts ante 100
nenoux26 posts ante 100
-landscaper- posts ante 100
jul_sat posts small blind 500
manggy94 posts big blind 1000
Dealt to manggy94 [3d 7s]
*** PRE-FLOP *** 
Osco manosco folds
Ridersvenson folds
IBrokeUrMum folds
Bendu72400 folds
nenoux26 folds
-landscaper- folds
jul_sat calls 500
manggy94 checks
*** FLOP *** [9c 4s Js]
jul_sat bets 2800
manggy94 folds
jul_sat collected 5600 from pot
*** SUMMARY ***
Total pot 5600 | No rake
Board: [9c 4s Js]
Seat 1: jul_sat (small blind) won 5600


Winamax Poker - Tournament "KILL THE FISH" buyIn: 3,50€ + 1,50€ level: 10 - HandId: #565681402297712650-66-1444227901 - Holdem no limit (100/500/1000) - 2015/10/07 14:25:01 UTC
Table: 'KILL THE FISH(131707965)#009' 9-max (real money) Seat #1 is the button
Seat 1: jul_sat (51178)
Seat 2: manggy94 (15235)
Seat 4: Osco manosco (55173)
Seat 5: Ridersvenson (32483)
Seat 6: IBrokeUrMum (4815)
Seat 7: Bendu72400 (20443)
Seat 8: nenoux26 (71588)
Seat 9: -landscaper- (42730)
*** ANTE/BLINDS ***
manggy94 posts ante 100
Osco manosco posts ante 100
jul_sat posts ante 100
Ridersvenson posts ante 100
IBrokeUrMum posts ante 100
Bendu72400 posts ante 100
nenoux26 posts ante 100
-landscaper- posts ante 100
manggy94 posts small blind 500
Osco manosco posts big blind 1000
Dealt to manggy94 [9c 8d]
*** PRE-FLOP *** 
Ridersvenson folds
IBrokeUrMum raises 3715 to 4715 and is all-in
Bendu72400 folds
nenoux26 folds
-landscaper- folds
jul_sat folds
manggy94 folds
Osco manosco calls 3715
*** FLOP *** [8c 8h 8s]
*** TURN *** [8c 8h 8s][2c]
*** RIVER *** [8c 8h 8s 2c][Ks]
*** SHOW DOWN ***
Osco manosco shows [9s 5s] (Trips of 8)
IBrokeUrMum shows [2s 2d] (Full of 8 and 2)
IBrokeUrMum collected 10730 from pot
*** SUMMARY ***
Total pot 10730 | No rake
Board: [8c 8h 8s 2c Ks]
Seat 4: Osco manosco (big blind) showed [9s 5s] and lost with Trips of 8
Seat 6: IBrokeUrMum showed [2s 2d] and won 10730 with Full of 8 and 2


Winamax Poker - Tournament "KILL THE FISH" buyIn: 3,50€ + 1,50€ level: 10 - HandId: #565681402297712650-67-1444227938 - Holdem no limit (100/500/1000) - 2015/10/07 14:25:38 UTC
Table: 'KILL THE FISH(131707965)#009' 9-max (real money) Seat #2 is the button
Seat 1: jul_sat (51078)
Seat 2: manggy94 (14635)
Seat 4: Osco manosco (50358)
Seat 5: Ridersvenson (32383)
Seat 6: IBrokeUrMum (10730)
Seat 7: Bendu72400 (20343)
Seat 8: nenoux26 (71488)
Seat 9: -landscaper- (42630)
*** ANTE/BLINDS ***
Osco manosco posts ante 100
Ridersvenson posts ante 100
jul_sat posts ante 100
manggy94 posts ante 100
IBrokeUrMum posts ante 100
Bendu72400 posts ante 100
nenoux26 posts ante 100
-landscaper- posts ante 100
Osco manosco posts small blind 500
Ridersvenson posts big blind 1000
Dealt to manggy94 [Qd 7h]
*** PRE-FLOP *** 
IBrokeUrMum raises 9630 to 10630 and is all-in
Bendu72400 folds
nenoux26 folds
-landscaper- folds
jul_sat folds
manggy94 folds
Osco manosco raises 39628 to 50258 and is all-in
Ridersvenson folds
*** FLOP *** [3s 4h 8d]
*** TURN *** [3s 4h 8d][2c]
*** RIVER *** [3s 4h 8d 2c][6s]
*** SHOW DOWN ***
IBrokeUrMum shows [Jh Kh] (High card : King)
Osco manosco shows [9d 9h] (One pair : 9)
Osco manosco collected 62688 from pot
*** SUMMARY ***
Total pot 62688 | No rake
Board: [3s 4h 8d 2c 6s]
Seat 4: Osco manosco (small blind) showed [9d 9h] and won 62688 with One pair : 9
Seat 6: IBrokeUrMum showed [Jh Kh] and lost with High card : King


Winamax Poker - Tournament "KILL THE FISH" buyIn: 3,50€ + 1,50€ level: 11 - HandId: #565681402297712650-68-1444227973 - Holdem no limit (150/600/1200) - 2015/10/07 14:26:13 UTC
Table: 'KILL THE FISH(131707965)#009' 9-max (real money) Seat #4 is the button
Seat 1: jul_sat (50978)
Seat 2: manggy94 (14535)
Seat 3: toyboy54 (39619)
Seat 4: Osco manosco (62688)
Seat 5: Ridersvenson (31283)
Seat 7: Bendu72400 (20243)
Seat 8: nenoux26 (71388)
Seat 9: -landscaper- (42530)
*** ANTE/BLINDS ***
Ridersvenson posts ante 150
Bendu72400 posts ante 150
jul_sat posts ante 150
manggy94 posts ante 150
toyboy54 posts ante 150
Osco manosco posts ante 150
nenoux26 posts ante 150
-landscaper- posts ante 150
Ridersvenson posts small blind 600
Bendu72400 posts big blind 1200
Dealt to manggy94 [Kc 2h]
*** PRE-FLOP *** 
nenoux26 folds
-landscaper- raises 1200 to 2400
jul_sat calls 2400
manggy94 folds
toyboy54 folds
Osco manosco folds
Ridersvenson calls 1800
Bendu72400 folds
*** FLOP *** [9h Js 9c]
Ridersvenson checks
-landscaper- bets 4800
jul_sat folds
Ridersvenson calls 4800
*** TURN *** [9h Js 9c][3h]
Ridersvenson checks
-landscaper- bets 12800
Ridersvenson folds
-landscaper- collected 32000 from pot
*** SUMMARY ***
Total pot 32000 | No rake
Board: [9h Js 9c 3h]
Seat 9: -landscaper- won 32000


Winamax Poker - Tournament "KILL THE FISH" buyIn: 3,50€ + 1,50€ level: 11 - HandId: #565681402297712650-69-1444228006 - Holdem no limit (150/600/1200) - 2015/10/07 14:26:46 UTC
Table: 'KILL THE FISH(131707965)#009' 9-max (real money) Seat #5 is the button
Seat 1: jul_sat (48428)
Seat 2: manggy94 (14385)
Seat 3: toyboy54 (39469)
Seat 4: Osco manosco (62538)
Seat 5: Ridersvenson (23933)
Seat 7: Bendu72400 (18893)
Seat 8: nenoux26 (71238)
Seat 9: -landscaper- (54380)
*** ANTE/BLINDS ***
Bendu72400 posts ante 150
nenoux26 posts ante 150
jul_sat posts ante 150
manggy94 posts ante 150
toyboy54 posts ante 150
Osco manosco posts ante 150
Ridersvenson posts ante 150
-landscaper- posts ante 150
Bendu72400 posts small blind 600
nenoux26 posts big blind 1200
Dealt to manggy94 [4s 4d]
*** PRE-FLOP *** 
-landscaper- folds
jul_sat calls 1200
manggy94 calls 1200
toyboy54 raises 4200 to 5400
Osco manosco folds
Ridersvenson folds
Bendu72400 folds
nenoux26 folds
jul_sat calls 4200
manggy94 calls 4200
*** FLOP *** [Ts 2d Kd]
jul_sat bets 42878 and is all-in
manggy94 folds
toyboy54 calls 33919 and is all-in
*** TURN *** [Ts 2d Kd][4h]
*** RIVER *** [Ts 2d Kd 4h][Ks]
*** SHOW DOWN ***
toyboy54 shows [Ac Kh] (Trips of Kings)
jul_sat shows [Qc Kc] (Trips of Kings)
jul_sat collected 8959 from side pot 1
toyboy54 collected 87038 from main pot
*** SUMMARY ***
Total pot 95997 | No rake
Board: [Ts 2d Kd 4h Ks]
Seat 1: jul_sat showed [Qc Kc] and won 8959 with Trips of Kings
Seat 3: toyboy54 showed [Ac Kh] and won 87038 with Trips of Kings


Winamax Poker - Tournament "KILL THE FISH" buyIn: 3,50€ + 1,50€ level: 11 - HandId: #565681402297712650-70-1444228037 - Holdem no limit (150/600/1200) - 2015/10/07 14:27:17 UTC
Table: 'KILL THE FISH(131707965)#009' 9-max (real money) Seat #7 is the button
Seat 1: jul_sat (8959)
Seat 2: manggy94 (8835)
Seat 3: toyboy54 (87038)
Seat 4: Osco manosco (62388)
Seat 5: Ridersvenson (23783)
Seat 7: Bendu72400 (18143)
Seat 8: nenoux26 (69888)
Seat 9: -landscaper- (54230)
*** ANTE/BLINDS ***
nenoux26 posts ante 150
-landscaper- posts ante 150
jul_sat posts ante 150
manggy94 posts ante 150
toyboy54 posts ante 150
Osco manosco posts ante 150
Ridersvenson posts ante 150
Bendu72400 posts ante 150
nenoux26 posts small blind 600
-landscaper- posts big blind 1200
Dealt to manggy94 [4h 2d]
*** PRE-FLOP *** 
jul_sat raises 7609 to 8809 and is all-in
manggy94 folds
toyboy54 folds
Osco manosco calls 8809
Ridersvenson folds
Bendu72400 calls 8809
nenoux26 folds
-landscaper- raises 45271 to 54080 and is all-in
Osco manosco folds
Bendu72400 calls 9184 and is all-in
*** FLOP *** [Kh Kc 2c]
*** TURN *** [Kh Kc 2c][6c]
*** RIVER *** [Kh Kc 2c 6c][6s]
*** SHOW DOWN ***
Bendu72400 shows [9s 4s] (Two pairs : Kings and 6)
jul_sat shows [Ac Ah] (Two pairs : Aces and Kings)
-landscaper- shows [Qd Ad] (Two pairs : Kings and 6)
-landscaper- collected 54455 from side pot 1
jul_sat collected 37036 from main pot
*** SUMMARY ***
Total pot 91491 | No rake
Board: [Kh Kc 2c 6c 6s]
Seat 1: jul_sat showed [Ac Ah] and won 37036 with Two pairs : Aces and Kings
Seat 7: Bendu72400 (button) showed [9s 4s] and lost with Two pairs : Kings and 6
Seat 9: -landscaper- (big blind) showed [Qd Ad] and won 54455 with Two pairs : Kings and 6


Winamax Poker - Tournament "KILL THE FISH" buyIn: 3,50€ + 1,50€ level: 11 - HandId: #565681402297712644-65-1444228097 - Holdem no limit (150/600/1200) - 2015/10/07 14:28:17 UTC
Table: 'KILL THE FISH(131707965)#003' 9-max (real money) Seat #6 is the button
Seat 1: bretons3515 (62828)
Seat 2: Mr.W.White (27992)
Seat 3: manggy94 (8685)
Seat 4: gabiniho38 (21170)
Seat 5: bobone4 (6605)
Seat 6: I__o__I (34860)
Seat 7: Danny-Skeyss (37640)
Seat 8: selectyron (16940)
Seat 9: toyboy54 (86888)
*** ANTE/BLINDS ***
Danny-Skeyss posts ante 150
selectyron posts ante 150
bretons3515 posts ante 150
Mr.W.White posts ante 150
manggy94 posts ante 150
gabiniho38 posts ante 150
bobone4 posts ante 150
I__o__I posts ante 150
toyboy54 posts ante 150
Danny-Skeyss posts small blind 600
selectyron posts big blind 1200
Dealt to manggy94 [Qd 2c]
*** PRE-FLOP *** 
toyboy54 raises 2400 to 3600
bretons3515 folds
Mr.W.White folds
manggy94 folds
gabiniho38 folds
bobone4 folds
I__o__I folds
Danny-Skeyss folds
selectyron folds
toyboy54 collected 6750 from pot
*** SUMMARY ***
Total pot 6750 | No rake
Seat 9: toyboy54 won 6750


Winamax Poker - Tournament "KILL THE FISH" buyIn: 3,50€ + 1,50€ level: 11 - HandId: #565681402297712644-66-1444228141 - Holdem no limit (150/600/1200) - 2015/10/07 14:29:01 UTC
Table: 'KILL THE FISH(131707965)#003' 9-max (real money) Seat #7 is the button
Seat 1: bretons3515 (62678)
Seat 2: Mr.W.White (27842)
Seat 3: manggy94 (8535)
Seat 4: gabiniho38 (21020)
Seat 5: bobone4 (6455)
Seat 6: I__o__I (34710)
Seat 7: Danny-Skeyss (36890)
Seat 8: selectyron (15590)
Seat 9: toyboy54 (89888)
*** ANTE/BLINDS ***
selectyron posts ante 150
toyboy54 posts ante 150
bretons3515 posts ante 150
Mr.W.White posts ante 150
manggy94 posts ante 150
gabiniho38 posts ante 150
bobone4 posts ante 150
I__o__I posts ante 150
Danny-Skeyss posts ante 150
selectyron posts small blind 600
toyboy54 posts big blind 1200
Dealt to manggy94 [8h Js]
*** PRE-FLOP *** 
bretons3515 folds
Mr.W.White folds
manggy94 folds
gabiniho38 calls 1200
bobone4 folds
I__o__I folds
Danny-Skeyss calls 1200
selectyron calls 600
toyboy54 checks
*** FLOP *** [Kd Th 2c]
selectyron checks
toyboy54 checks
gabiniho38 checks
Danny-Skeyss bets 1200
selectyron folds
toyboy54 folds
gabiniho38 calls 1200
*** TURN *** [Kd Th 2c][Ts]
gabiniho38 checks
Danny-Skeyss bets 1200
gabiniho38 calls 1200
*** RIVER *** [Kd Th 2c Ts][9s]
gabiniho38 checks
Danny-Skeyss bets 4800
gabiniho38 raises 12470 to 17270 and is all-in
Danny-Skeyss calls 12470
*** SHOW DOWN ***
gabiniho38 shows [9h Qh] (Two pairs : Tens and 9)
Danny-Skeyss shows [Td 9d] (Full of Tens and 9)
Danny-Skeyss collected 45490 from pot
*** SUMMARY ***
Total pot 45490 | No rake
Board: [Kd Th 2c Ts 9s]
Seat 4: gabiniho38 showed [9h Qh] and lost with Two pairs : Tens and 9
Seat 7: Danny-Skeyss (button) showed [Td 9d] and won 45490 with Full of Tens and 9


Winamax Poker - Tournament "KILL THE FISH" buyIn: 3,50€ + 1,50€ level: 11 - HandId: #565681402297712644-67-1444228225 - Holdem no limit (150/600/1200) - 2015/10/07 14:30:25 UTC
Table: 'KILL THE FISH(131707965)#003' 9-max (real money) Seat #8 is the button
Seat 1: bretons3515 (62528)
Seat 2: Mr.W.White (27692)
Seat 3: manggy94 (8385)
Seat 5: bobone4 (6305)
Seat 6: I__o__I (34560)
Seat 7: Danny-Skeyss (61360)
Seat 8: selectyron (14240)
Seat 9: toyboy54 (88538)
*** ANTE/BLINDS ***
toyboy54 posts ante 150
bretons3515 posts ante 150
Mr.W.White posts ante 150
manggy94 posts ante 150
bobone4 posts ante 150
I__o__I posts ante 150
Danny-Skeyss posts ante 150
selectyron posts ante 150
toyboy54 posts small blind 600
bretons3515 posts big blind 1200
Dealt to manggy94 [Js Ah]
*** PRE-FLOP *** 
Mr.W.White folds
manggy94 raises 7035 to 8235 and is all-in
bobone4 calls 6155 and is all-in
I__o__I raises 26175 to 34410 and is all-in
Danny-Skeyss folds
selectyron folds
toyboy54 folds
bretons3515 folds
*** FLOP *** [7h 3c 3d]
*** TURN *** [7h 3c 3d][Qc]
*** RIVER *** [7h 3c 3d Qc][Jd]
*** SHOW DOWN ***
manggy94 shows [Js Ah] (Two pairs : Jacks and 3)
bobone4 shows [Td Qh] (Two pairs : Queens and 3)
I__o__I shows [As Qs] (Two pairs : Queens and 3)
I__o__I collected 51800 from pot
*** SUMMARY ***
Total pot 51800 | No rake
Board: [7h 3c 3d Qc Jd]
Seat 3: manggy94 showed [Js Ah] and lost with Two pairs : Jacks and 3
Seat 5: bobone4 showed [Td Qh] and lost with Two pairs : Queens and 3
Seat 6: I__o__I showed [As Qs] and won 51800 with Two pairs : Queens and 3


