Winamax Poker - Tournament "Sit&Go Freeroll" buyIn: Ticket only level: 0 - HandId: #544802389450817537-1-1438958537 - Holdem no limit (10/20) - 2015/08/07 14:42:17 UTC
Table: 'Sit&Go Freeroll(126846691)#0' 10-max (real money) Seat #8 is the button
Seat 1: g.jeremy (1500)
Seat 2: moviolitini (1500)
Seat 3: Kind_PP (1500)
Seat 4: ChelOu2 (1500)
Seat 5: Dyl dyl (1500)
Seat 6: Kmilion (1500)
Seat 7: lafacture (1500)
Seat 8: manggy94 (1500)
Seat 9: ddel49 (1500)
Seat 10: jefege (1500)
*** ANTE/BLINDS ***
ddel49 posts small blind 10
jefege posts big blind 20
Dealt to manggy94 [Td 7d]
*** PRE-FLOP *** 
g.jeremy folds
moviolitini raises 1480 to 1500 and is all-in
Kind_PP folds
ChelOu2 folds
Dyl dyl calls 1500 and is all-in
Kmilion folds
lafacture folds
manggy94 folds
ddel49 folds
jefege calls 1480 and is all-in
*** FLOP *** [9d Qd Jh]
*** TURN *** [9d Qd Jh][7c]
*** RIVER *** [9d Qd Jh 7c][2h]
*** SHOW DOWN ***
Dyl dyl shows [Th Qs] (One pair : Queens)
jefege shows [Qc Kc] (One pair : Queens)
moviolitini shows [Kh Ks] (One pair : Kings)
moviolitini collected 4510 from pot
*** SUMMARY ***
Total pot 4510 | No rake
Board: [9d Qd Jh 7c 2h]
Seat 2: moviolitini showed [Kh Ks] and won 4510 with One pair : Kings
Seat 5: Dyl dyl showed [Th Qs] and lost with One pair : Queens
Seat 10: jefege (big blind) showed [Qc Kc] and lost with One pair : Queens


Winamax Poker - Tournament "Sit&Go Freeroll" buyIn: Ticket only level: 0 - HandId: #544802389450817537-2-1438958594 - Holdem no limit (10/20) - 2015/08/07 14:43:14 UTC
Table: 'Sit&Go Freeroll(126846691)#0' 10-max (real money) Seat #9 is the button
Seat 1: g.jeremy (1500)
Seat 2: moviolitini (4510)
Seat 3: Kind_PP (1500)
Seat 4: ChelOu2 (1500)
Seat 6: Kmilion (1500)
Seat 7: lafacture (1500)
Seat 8: manggy94 (1500)
Seat 9: ddel49 (1490)
*** ANTE/BLINDS ***
g.jeremy posts big blind 20
Dealt to manggy94 [6c 3d]
*** PRE-FLOP *** 
moviolitini raises 4490 to 4510 and is all-in
Kind_PP folds
ChelOu2 folds
Kmilion folds
lafacture folds
manggy94 folds
ddel49 folds
g.jeremy folds
moviolitini collected 4530 from pot
*** SUMMARY ***
Total pot 4530 | No rake
Seat 2: moviolitini won 4530


Winamax Poker - Tournament "Sit&Go Freeroll" buyIn: Ticket only level: 0 - HandId: #544802389450817537-3-1438958612 - Holdem no limit (10/20) - 2015/08/07 14:43:32 UTC
Table: 'Sit&Go Freeroll(126846691)#0' 10-max (real money) Seat #10 is the button
Seat 1: g.jeremy (1480)
Seat 2: moviolitini (4530)
Seat 3: Kind_PP (1500)
Seat 4: ChelOu2 (1500)
Seat 6: Kmilion (1500)
Seat 7: lafacture (1500)
Seat 8: manggy94 (1500)
Seat 9: ddel49 (1490)
*** ANTE/BLINDS ***
g.jeremy posts small blind 10
moviolitini posts big blind 20
Dealt to manggy94 [Kd 7s]
*** PRE-FLOP *** 
Kind_PP folds
ChelOu2 folds
Kmilion folds
lafacture folds
manggy94 calls 20
ddel49 raises 60 to 80
g.jeremy raises 1400 to 1480 and is all-in
moviolitini folds
manggy94 folds
ddel49 calls 1400
*** FLOP *** [Tc 6s 8s]
*** TURN *** [Tc 6s 8s][8d]
*** RIVER *** [Tc 6s 8s 8d][7d]
*** SHOW DOWN ***
g.jeremy shows [Jd Td] (Two pairs : Tens and 8)
ddel49 shows [Kc Ks] (Two pairs : Kings and 8)
ddel49 collected 3000 from pot
*** SUMMARY ***
Total pot 3000 | No rake
Board: [Tc 6s 8s 8d 7d]
Seat 1: g.jeremy (small blind) showed [Jd Td] and lost with Two pairs : Tens and 8
Seat 9: ddel49 showed [Kc Ks] and won 3000 with Two pairs : Kings and 8


Winamax Poker - Tournament "Sit&Go Freeroll" buyIn: Ticket only level: 0 - HandId: #544802389450817537-4-1438958649 - Holdem no limit (10/20) - 2015/08/07 14:44:09 UTC
Table: 'Sit&Go Freeroll(126846691)#0' 10-max (real money) Seat #1 is the button
Seat 2: moviolitini (4510)
Seat 3: Kind_PP (1500)
Seat 4: ChelOu2 (1500)
Seat 6: Kmilion (1500)
Seat 7: lafacture (1500)
Seat 8: manggy94 (1480)
Seat 9: ddel49 (3010)
*** ANTE/BLINDS ***
moviolitini posts small blind 10
Kind_PP posts big blind 20
Dealt to manggy94 [3h 9c]
*** PRE-FLOP *** 
ChelOu2 folds
Kmilion folds
lafacture folds
manggy94 folds
ddel49 folds
moviolitini calls 10
Kind_PP raises 80 to 100
moviolitini calls 80
*** FLOP *** [Td 6d 2d]
moviolitini bets 4410 and is all-in
Kind_PP folds
moviolitini collected 4610 from pot
*** SUMMARY ***
Total pot 4610 | No rake
Board: [Td 6d 2d]
Seat 2: moviolitini (small blind) won 4610


Winamax Poker - Tournament "Sit&Go Freeroll" buyIn: Ticket only level: 0 - HandId: #544802389450817537-5-1438958703 - Holdem no limit (10/20) - 2015/08/07 14:45:03 UTC
Table: 'Sit&Go Freeroll(126846691)#0' 10-max (real money) Seat #2 is the button
Seat 2: moviolitini (4610)
Seat 3: Kind_PP (1400)
Seat 4: ChelOu2 (1500)
Seat 6: Kmilion (1500)
Seat 7: lafacture (1500)
Seat 8: manggy94 (1480)
Seat 9: ddel49 (3010)
*** ANTE/BLINDS ***
Kind_PP posts small blind 10
ChelOu2 posts big blind 20
Dealt to manggy94 [2d 3s]
*** PRE-FLOP *** 
Kmilion folds
lafacture folds
manggy94 folds
ddel49 folds
moviolitini calls 20
Kind_PP calls 10
ChelOu2 raises 100 to 120
moviolitini calls 100
Kind_PP folds
*** FLOP *** [3h 3d 4h]
ChelOu2 bets 1380 and is all-in
moviolitini calls 1380
*** TURN *** [3h 3d 4h][Tc]
*** RIVER *** [3h 3d 4h Tc][Qd]
*** SHOW DOWN ***
ChelOu2 shows [Ks Js] (One pair : 3)
moviolitini shows [4c Kc] (Two pairs : 4 and 3)
moviolitini collected 3020 from pot
*** SUMMARY ***
Total pot 3020 | No rake
Board: [3h 3d 4h Tc Qd]
Seat 2: moviolitini (button) showed [4c Kc] and won 3020 with Two pairs : 4 and 3
Seat 4: ChelOu2 (big blind) showed [Ks Js] and lost with One pair : 3


Winamax Poker - Tournament "Sit&Go Freeroll" buyIn: Ticket only level: 1 - HandId: #544802389450817537-6-1438958742 - Holdem no limit (15/30) - 2015/08/07 14:45:42 UTC
Table: 'Sit&Go Freeroll(126846691)#0' 10-max (real money) Seat #3 is the button
Seat 2: moviolitini (6130)
Seat 3: Kind_PP (1380)
Seat 6: Kmilion (1500)
Seat 7: lafacture (1500)
Seat 8: manggy94 (1480)
Seat 9: ddel49 (3010)
*** ANTE/BLINDS ***
Kmilion posts big blind 30
Dealt to manggy94 [6s 3d]
*** PRE-FLOP *** 
lafacture raises 60 to 90
manggy94 folds
ddel49 folds
moviolitini folds
Kind_PP folds
Kmilion folds
lafacture collected 120 from pot
*** SUMMARY ***
Total pot 120 | No rake
Seat 7: lafacture won 120


Winamax Poker - Tournament "Sit&Go Freeroll" buyIn: Ticket only level: 1 - HandId: #544802389450817537-7-1438958773 - Holdem no limit (15/30) - 2015/08/07 14:46:13 UTC
Table: 'Sit&Go Freeroll(126846691)#0' 10-max (real money) Seat #4 is the button
Seat 2: moviolitini (6130)
Seat 3: Kind_PP (1380)
Seat 6: Kmilion (1470)
Seat 7: lafacture (1530)
Seat 8: manggy94 (1480)
Seat 9: ddel49 (3010)
*** ANTE/BLINDS ***
Kmilion posts small blind 15
lafacture posts big blind 30
Dealt to manggy94 [Kc Ks]
*** PRE-FLOP *** 
manggy94 raises 30 to 60
ddel49 folds
moviolitini folds
Kind_PP folds
Kmilion raises 30 to 90
lafacture folds
manggy94 raises 210 to 300
Kmilion raises 210 to 510
manggy94 raises 970 to 1480 and is all-in
Kmilion calls 960 and is all-in
*** FLOP *** [8d 7c Qd]
*** TURN *** [8d 7c Qd][3c]
*** RIVER *** [8d 7c Qd 3c][Jd]
*** SHOW DOWN ***
Kmilion shows [Ac Kd] (High card : Ace)
manggy94 shows [Kc Ks] (One pair : Kings)
manggy94 collected 2980 from pot
*** SUMMARY ***
Total pot 2980 | No rake
Board: [8d 7c Qd 3c Jd]
Seat 6: Kmilion (small blind) showed [Ac Kd] and lost with High card : Ace
Seat 8: manggy94 showed [Kc Ks] and won 2980 with One pair : Kings


Winamax Poker - Tournament "Sit&Go Freeroll" buyIn: Ticket only level: 1 - HandId: #544802389450817537-8-1438958865 - Holdem no limit (15/30) - 2015/08/07 14:47:45 UTC
Table: 'Sit&Go Freeroll(126846691)#0' 10-max (real money) Seat #6 is the button
Seat 2: moviolitini (6130)
Seat 3: Kind_PP (1380)
Seat 7: lafacture (1500)
Seat 8: manggy94 (2980)
Seat 9: ddel49 (3010)
*** ANTE/BLINDS ***
lafacture posts small blind 15
manggy94 posts big blind 30
Dealt to manggy94 [Kd Td]
*** PRE-FLOP *** 
ddel49 folds
moviolitini raises 30 to 60
Kind_PP folds
lafacture folds
manggy94 raises 135 to 195
moviolitini calls 135
*** FLOP *** [3d 9c 6d]
manggy94 bets 405
moviolitini folds
manggy94 collected 810 from pot
*** SUMMARY ***
Total pot 810 | No rake
Board: [3d 9c 6d]
Seat 8: manggy94 (big blind) won 810


Winamax Poker - Tournament "Sit&Go Freeroll" buyIn: Ticket only level: 2 - HandId: #544802389450817537-9-1438958893 - Holdem no limit (20/40) - 2015/08/07 14:48:13 UTC
Table: 'Sit&Go Freeroll(126846691)#0' 10-max (real money) Seat #7 is the button
Seat 2: moviolitini (5935)
Seat 3: Kind_PP (1380)
Seat 7: lafacture (1485)
Seat 8: manggy94 (3190)
Seat 9: ddel49 (3010)
*** ANTE/BLINDS ***
manggy94 posts small blind 20
ddel49 posts big blind 40
Dealt to manggy94 [2h Jd]
*** PRE-FLOP *** 
moviolitini raises 5895 to 5935 and is all-in
Kind_PP folds
lafacture folds
manggy94 folds
ddel49 folds
moviolitini shows [6s 2c] (High card : 6)
moviolitini collected 5995 from pot
*** SUMMARY ***
Total pot 5995 | No rake
Seat 2: moviolitini showed [6s 2c] and won 5995 with High card : 6


Winamax Poker - Tournament "Sit&Go Freeroll" buyIn: Ticket only level: 2 - HandId: #544802389450817537-10-1438958909 - Holdem no limit (20/40) - 2015/08/07 14:48:29 UTC
Table: 'Sit&Go Freeroll(126846691)#0' 10-max (real money) Seat #8 is the button
Seat 2: moviolitini (5995)
Seat 3: Kind_PP (1380)
Seat 7: lafacture (1485)
Seat 8: manggy94 (3170)
Seat 9: ddel49 (2970)
*** ANTE/BLINDS ***
ddel49 posts small blind 20
moviolitini posts big blind 40
Dealt to manggy94 [Js Kh]
*** PRE-FLOP *** 
Kind_PP folds
lafacture folds
manggy94 raises 100 to 140
ddel49 folds
moviolitini calls 100
*** FLOP *** [5h 7h 3h]
moviolitini bets 5855 and is all-in
manggy94 folds
moviolitini collected 6155 from pot
*** SUMMARY ***
Total pot 6155 | No rake
Board: [5h 7h 3h]
Seat 2: moviolitini (big blind) won 6155


Winamax Poker - Tournament "Sit&Go Freeroll" buyIn: Ticket only level: 2 - HandId: #544802389450817537-11-1438958935 - Holdem no limit (20/40) - 2015/08/07 14:48:55 UTC
Table: 'Sit&Go Freeroll(126846691)#0' 10-max (real money) Seat #9 is the button
Seat 2: moviolitini (6155)
Seat 3: Kind_PP (1380)
Seat 7: lafacture (1485)
Seat 8: manggy94 (3030)
Seat 9: ddel49 (2950)
*** ANTE/BLINDS ***
moviolitini posts small blind 20
Kind_PP posts big blind 40
Dealt to manggy94 [5d Qc]
*** PRE-FLOP *** 
lafacture raises 100 to 140
manggy94 folds
ddel49 folds
moviolitini calls 120
Kind_PP folds
*** FLOP *** [7c 6s 4h]
moviolitini checks
lafacture bets 320
moviolitini raises 320 to 640
lafacture raises 705 to 1345 and is all-in
moviolitini raises 705 to 2050
*** TURN *** [7c 6s 4h][7h]
*** RIVER *** [7c 6s 4h 7h][As]
*** SHOW DOWN ***
lafacture shows [8h 8c] (Two pairs : 8 and 7)
moviolitini shows [4d 4s] (Full of 4 and 7)
moviolitini collected 3715 from pot
*** SUMMARY ***
Total pot 3715 | No rake
Board: [7c 6s 4h 7h As]
Seat 2: moviolitini (small blind) showed [4d 4s] and won 3715 with Full of 4 and 7
Seat 7: lafacture showed [8h 8c] and lost with Two pairs : 8 and 7


Winamax Poker - Tournament "Sit&Go Freeroll" buyIn: Ticket only level: 2 - HandId: #544802389450817537-12-1438958969 - Holdem no limit (20/40) - 2015/08/07 14:49:29 UTC
Table: 'Sit&Go Freeroll(126846691)#0' 10-max (real money) Seat #2 is the button
Seat 2: moviolitini (7680)
Seat 3: Kind_PP (1340)
Seat 8: manggy94 (3030)
Seat 9: ddel49 (2950)
*** ANTE/BLINDS ***
Kind_PP posts small blind 20
manggy94 posts big blind 40
Dealt to manggy94 [8d Js]
*** PRE-FLOP *** 
ddel49 folds
moviolitini raises 40 to 80
Kind_PP folds
manggy94 calls 40
*** FLOP *** [9d Tc 9c]
manggy94 bets 40
moviolitini raises 40 to 80
manggy94 calls 40
*** TURN *** [9d Tc 9c][Qh]
manggy94 bets 340
moviolitini raises 340 to 680
manggy94 raises 2190 to 2870 and is all-in
moviolitini calls 2190
*** RIVER *** [9d Tc 9c Qh][6s]
*** SHOW DOWN ***
moviolitini shows [Td Jh] (Two pairs : Tens and 9)
manggy94 shows [8d Js] (Straight Queen high)
manggy94 collected 6080 from pot
*** SUMMARY ***
Total pot 6080 | No rake
Board: [9d Tc 9c Qh 6s]
Seat 2: moviolitini (button) showed [Td Jh] and lost with Two pairs : Tens and 9
Seat 8: manggy94 (big blind) showed [8d Js] and won 6080 with Straight Queen high


Winamax Poker - Tournament "Sit&Go Freeroll" buyIn: Ticket only level: 2 - HandId: #544802389450817537-13-1438959007 - Holdem no limit (20/40) - 2015/08/07 14:50:07 UTC
Table: 'Sit&Go Freeroll(126846691)#0' 10-max (real money) Seat #3 is the button
Seat 2: moviolitini (4650)
Seat 3: Kind_PP (1320)
Seat 8: manggy94 (6080)
Seat 9: ddel49 (2950)
*** ANTE/BLINDS ***
manggy94 posts small blind 20
ddel49 posts big blind 40
Dealt to manggy94 [Ks Jh]
*** PRE-FLOP *** 
moviolitini raises 4610 to 4650 and is all-in
Kind_PP folds
manggy94 calls 4630
ddel49 folds
*** FLOP *** [Qs As Ts]
*** TURN *** [Qs As Ts][6c]
*** RIVER *** [Qs As Ts 6c][9s]
*** SHOW DOWN ***
moviolitini shows [7c Tc] (One pair : Tens)
manggy94 shows [Ks Jh] (Flush Ace high)
manggy94 collected 9340 from pot
*** SUMMARY ***
Total pot 9340 | No rake
Board: [Qs As Ts 6c 9s]
Seat 2: moviolitini showed [7c Tc] and lost with One pair : Tens
Seat 8: manggy94 (small blind) showed [Ks Jh] and won 9340 with Flush Ace high


Winamax Poker - Tournament "Sit&Go Freeroll" buyIn: Ticket only level: 2 - HandId: #544802389450817537-14-1438959026 - Holdem no limit (20/40) - 2015/08/07 14:50:26 UTC
Table: 'Sit&Go Freeroll(126846691)#0' 10-max (real money) Seat #8 is the button
Seat 3: Kind_PP (1320)
Seat 8: manggy94 (10770)
Seat 9: ddel49 (2910)
*** ANTE/BLINDS ***
ddel49 posts small blind 20
Kind_PP posts big blind 40
Dealt to manggy94 [Th 3h]
*** PRE-FLOP *** 
manggy94 calls 40
ddel49 folds
Kind_PP checks
*** FLOP *** [4s 5d 5h]
Kind_PP checks
manggy94 checks
*** TURN *** [4s 5d 5h][4h]
Kind_PP bets 65
manggy94 raises 65 to 130
Kind_PP folds
manggy94 collected 295 from pot
*** SUMMARY ***
Total pot 295 | No rake
Board: [4s 5d 5h 4h]
Seat 8: manggy94 (button) won 295


Winamax Poker - Tournament "Sit&Go Freeroll" buyIn: Ticket only level: 2 - HandId: #544802389450817537-15-1438959051 - Holdem no limit (20/40) - 2015/08/07 14:50:51 UTC
Table: 'Sit&Go Freeroll(126846691)#0' 10-max (real money) Seat #9 is the button
Seat 3: Kind_PP (1215)
Seat 8: manggy94 (10895)
Seat 9: ddel49 (2890)
*** ANTE/BLINDS ***
Kind_PP posts small blind 20
manggy94 posts big blind 40
Dealt to manggy94 [Th 5h]
*** PRE-FLOP *** 
ddel49 raises 80 to 120
Kind_PP calls 100
manggy94 calls 80
*** FLOP *** [Qd 2d 9d]
Kind_PP checks
manggy94 checks
ddel49 bets 270
Kind_PP folds
manggy94 folds
ddel49 shows [8d Jd] (Flush Queen high)
ddel49 collected 630 from pot
*** SUMMARY ***
Total pot 630 | No rake
Board: [Qd 2d 9d]
Seat 9: ddel49 (button) showed [8d Jd] and won 630 with Flush Queen high


Winamax Poker - Tournament "Sit&Go Freeroll" buyIn: Ticket only level: 3 - HandId: #544802389450817537-16-1438959091 - Holdem no limit (30/60) - 2015/08/07 14:51:31 UTC
Table: 'Sit&Go Freeroll(126846691)#0' 10-max (real money) Seat #3 is the button
Seat 3: Kind_PP (1095)
Seat 8: manggy94 (10775)
Seat 9: ddel49 (3130)
*** ANTE/BLINDS ***
manggy94 posts small blind 30
ddel49 posts big blind 60
Dealt to manggy94 [7c 3s]
*** PRE-FLOP *** 
Kind_PP folds
manggy94 folds
ddel49 collected 90 from pot
*** SUMMARY ***
Total pot 90 | No rake
Seat 9: ddel49 (big blind) won 90


Winamax Poker - Tournament "Sit&Go Freeroll" buyIn: Ticket only level: 3 - HandId: #544802389450817537-17-1438959100 - Holdem no limit (30/60) - 2015/08/07 14:51:40 UTC
Table: 'Sit&Go Freeroll(126846691)#0' 10-max (real money) Seat #8 is the button
Seat 3: Kind_PP (1095)
Seat 8: manggy94 (10745)
Seat 9: ddel49 (3160)
*** ANTE/BLINDS ***
ddel49 posts small blind 30
Kind_PP posts big blind 60
Dealt to manggy94 [Ad 7h]
*** PRE-FLOP *** 
manggy94 raises 150 to 210
ddel49 folds
Kind_PP folds
manggy94 collected 300 from pot
*** SUMMARY ***
Total pot 300 | No rake
Seat 8: manggy94 (button) won 300


Winamax Poker - Tournament "Sit&Go Freeroll" buyIn: Ticket only level: 3 - HandId: #544802389450817537-18-1438959109 - Holdem no limit (30/60) - 2015/08/07 14:51:49 UTC
Table: 'Sit&Go Freeroll(126846691)#0' 10-max (real money) Seat #9 is the button
Seat 3: Kind_PP (1035)
Seat 8: manggy94 (10835)
Seat 9: ddel49 (3130)
*** ANTE/BLINDS ***
Kind_PP posts small blind 30
manggy94 posts big blind 60
Dealt to manggy94 [7d Jh]
*** PRE-FLOP *** 
ddel49 folds
Kind_PP folds
manggy94 collected 90 from pot
*** SUMMARY ***
Total pot 90 | No rake
Seat 8: manggy94 (big blind) won 90


Winamax Poker - Tournament "Sit&Go Freeroll" buyIn: Ticket only level: 3 - HandId: #544802389450817537-19-1438959116 - Holdem no limit (30/60) - 2015/08/07 14:51:56 UTC
Table: 'Sit&Go Freeroll(126846691)#0' 10-max (real money) Seat #3 is the button
Seat 3: Kind_PP (1005)
Seat 8: manggy94 (10865)
Seat 9: ddel49 (3130)
*** ANTE/BLINDS ***
manggy94 posts small blind 30
ddel49 posts big blind 60
Dealt to manggy94 [8d 7d]
*** PRE-FLOP *** 
Kind_PP folds
manggy94 raises 120 to 180
ddel49 folds
manggy94 collected 240 from pot
*** SUMMARY ***
Total pot 240 | No rake
Seat 8: manggy94 (small blind) won 240


Winamax Poker - Tournament "Sit&Go Freeroll" buyIn: Ticket only level: 3 - HandId: #544802389450817537-20-1438959126 - Holdem no limit (30/60) - 2015/08/07 14:52:06 UTC
Table: 'Sit&Go Freeroll(126846691)#0' 10-max (real money) Seat #8 is the button
Seat 3: Kind_PP (1005)
Seat 8: manggy94 (10925)
Seat 9: ddel49 (3070)
*** ANTE/BLINDS ***
ddel49 posts small blind 30
Kind_PP posts big blind 60
Dealt to manggy94 [3d 8h]
*** PRE-FLOP *** 
manggy94 folds
ddel49 calls 30
Kind_PP checks
*** FLOP *** [6c 5c 5s]
ddel49 checks
Kind_PP checks
*** TURN *** [6c 5c 5s][Kd]
ddel49 checks
Kind_PP bets 60
ddel49 folds
Kind_PP collected 180 from pot
*** SUMMARY ***
Total pot 180 | No rake
Board: [6c 5c 5s Kd]
Seat 3: Kind_PP (big blind) won 180


Winamax Poker - Tournament "Sit&Go Freeroll" buyIn: Ticket only level: 3 - HandId: #544802389450817537-21-1438959153 - Holdem no limit (30/60) - 2015/08/07 14:52:33 UTC
Table: 'Sit&Go Freeroll(126846691)#0' 10-max (real money) Seat #9 is the button
Seat 3: Kind_PP (1065)
Seat 8: manggy94 (10925)
Seat 9: ddel49 (3010)
*** ANTE/BLINDS ***
Kind_PP posts small blind 30
manggy94 posts big blind 60
Dealt to manggy94 [5c 2s]
*** PRE-FLOP *** 
ddel49 folds
Kind_PP folds
manggy94 collected 90 from pot
*** SUMMARY ***
Total pot 90 | No rake
Seat 8: manggy94 (big blind) won 90


Winamax Poker - Tournament "Sit&Go Freeroll" buyIn: Ticket only level: 3 - HandId: #544802389450817537-22-1438959160 - Holdem no limit (30/60) - 2015/08/07 14:52:40 UTC
Table: 'Sit&Go Freeroll(126846691)#0' 10-max (real money) Seat #3 is the button
Seat 3: Kind_PP (1035)
Seat 8: manggy94 (10955)
Seat 9: ddel49 (3010)
*** ANTE/BLINDS ***
manggy94 posts small blind 30
ddel49 posts big blind 60
Dealt to manggy94 [2d 9c]
*** PRE-FLOP *** 
Kind_PP raises 60 to 120
manggy94 folds
ddel49 folds
Kind_PP collected 210 from pot
*** SUMMARY ***
Total pot 210 | No rake
Seat 3: Kind_PP (button) won 210


Winamax Poker - Tournament "Sit&Go Freeroll" buyIn: Ticket only level: 3 - HandId: #544802389450817537-23-1438959172 - Holdem no limit (30/60) - 2015/08/07 14:52:52 UTC
Table: 'Sit&Go Freeroll(126846691)#0' 10-max (real money) Seat #8 is the button
Seat 3: Kind_PP (1125)
Seat 8: manggy94 (10925)
Seat 9: ddel49 (2950)
*** ANTE/BLINDS ***
ddel49 posts small blind 30
Kind_PP posts big blind 60
Dealt to manggy94 [9h 5s]
*** PRE-FLOP *** 
manggy94 calls 60
ddel49 folds
Kind_PP checks
*** FLOP *** [2d 5h 6c]
Kind_PP checks
manggy94 bets 150
Kind_PP folds
manggy94 collected 300 from pot
*** SUMMARY ***
Total pot 300 | No rake
Board: [2d 5h 6c]
Seat 8: manggy94 (button) won 300


Winamax Poker - Tournament "Sit&Go Freeroll" buyIn: Ticket only level: 3 - HandId: #544802389450817537-24-1438959199 - Holdem no limit (30/60) - 2015/08/07 14:53:19 UTC
Table: 'Sit&Go Freeroll(126846691)#0' 10-max (real money) Seat #9 is the button
Seat 3: Kind_PP (1065)
Seat 8: manggy94 (11015)
Seat 9: ddel49 (2920)
*** ANTE/BLINDS ***
Kind_PP posts small blind 30
manggy94 posts big blind 60
Dealt to manggy94 [7h Qh]
*** PRE-FLOP *** 
ddel49 raises 60 to 120
Kind_PP folds
manggy94 raises 270 to 390
ddel49 calls 270
*** FLOP *** [6s 6h 8d]
manggy94 bets 810
ddel49 folds
manggy94 collected 1620 from pot
*** SUMMARY ***
Total pot 1620 | No rake
Board: [6s 6h 8d]
Seat 8: manggy94 (big blind) won 1620


Winamax Poker - Tournament "Sit&Go Freeroll" buyIn: Ticket only level: 3 - HandId: #544802389450817537-25-1438959226 - Holdem no limit (30/60) - 2015/08/07 14:53:46 UTC
Table: 'Sit&Go Freeroll(126846691)#0' 10-max (real money) Seat #3 is the button
Seat 3: Kind_PP (1035)
Seat 8: manggy94 (11435)
Seat 9: ddel49 (2530)
*** ANTE/BLINDS ***
manggy94 posts small blind 30
ddel49 posts big blind 60
Dealt to manggy94 [Ad 5s]
*** PRE-FLOP *** 
Kind_PP folds
manggy94 calls 30
ddel49 checks
*** FLOP *** [4s Qs 5d]
manggy94 bets 120
ddel49 calls 120
*** TURN *** [4s Qs 5d][6h]
manggy94 bets 1650
ddel49 folds
manggy94 collected 2010 from pot
*** SUMMARY ***
Total pot 2010 | No rake
Board: [4s Qs 5d 6h]
Seat 8: manggy94 (small blind) won 2010


Winamax Poker - Tournament "Sit&Go Freeroll" buyIn: Ticket only level: 3 - HandId: #544802389450817537-26-1438959250 - Holdem no limit (30/60) - 2015/08/07 14:54:10 UTC
Table: 'Sit&Go Freeroll(126846691)#0' 10-max (real money) Seat #8 is the button
Seat 3: Kind_PP (1035)
Seat 8: manggy94 (11615)
Seat 9: ddel49 (2350)
*** ANTE/BLINDS ***
ddel49 posts small blind 30
Kind_PP posts big blind 60
Dealt to manggy94 [Ah Kc]
*** PRE-FLOP *** 
manggy94 calls 60
ddel49 folds
Kind_PP checks
*** FLOP *** [Jc 6d 9h]
Kind_PP checks
manggy94 checks
*** TURN *** [Jc 6d 9h][6s]
Kind_PP checks
manggy94 checks
*** RIVER *** [Jc 6d 9h 6s][4c]
Kind_PP checks
manggy94 bets 150
Kind_PP folds
manggy94 collected 300 from pot
*** SUMMARY ***
Total pot 300 | No rake
Board: [Jc 6d 9h 6s 4c]
Seat 8: manggy94 (button) won 300


Winamax Poker - Tournament "Sit&Go Freeroll" buyIn: Ticket only level: 4 - HandId: #544802389450817537-27-1438959270 - Holdem no limit (40/80) - 2015/08/07 14:54:30 UTC
Table: 'Sit&Go Freeroll(126846691)#0' 10-max (real money) Seat #9 is the button
Seat 3: Kind_PP (975)
Seat 8: manggy94 (11705)
Seat 9: ddel49 (2320)
*** ANTE/BLINDS ***
Kind_PP posts small blind 40
manggy94 posts big blind 80
Dealt to manggy94 [Td 3d]
*** PRE-FLOP *** 
ddel49 folds
Kind_PP raises 895 to 975 and is all-in
manggy94 calls 895
*** FLOP *** [2h 2c Qd]
*** TURN *** [2h 2c Qd][2d]
*** RIVER *** [2h 2c Qd 2d][5h]
*** SHOW DOWN ***
manggy94 shows [Td 3d] (Trips of 2)
Kind_PP shows [Jd Qc] (Full of 2 and Queens)
Kind_PP collected 1950 from pot
*** SUMMARY ***
Total pot 1950 | No rake
Board: [2h 2c Qd 2d 5h]
Seat 3: Kind_PP (small blind) showed [Jd Qc] and won 1950 with Full of 2 and Queens
Seat 8: manggy94 (big blind) showed [Td 3d] and lost with Trips of 2


Winamax Poker - Tournament "Sit&Go Freeroll" buyIn: Ticket only level: 4 - HandId: #544802389450817537-28-1438959285 - Holdem no limit (40/80) - 2015/08/07 14:54:45 UTC
Table: 'Sit&Go Freeroll(126846691)#0' 10-max (real money) Seat #3 is the button
Seat 3: Kind_PP (1950)
Seat 8: manggy94 (10730)
Seat 9: ddel49 (2320)
*** ANTE/BLINDS ***
manggy94 posts small blind 40
ddel49 posts big blind 80
Dealt to manggy94 [Ts 2c]
*** PRE-FLOP *** 
Kind_PP folds
manggy94 folds
ddel49 collected 120 from pot
*** SUMMARY ***
Total pot 120 | No rake
Seat 9: ddel49 (big blind) won 120


Winamax Poker - Tournament "Sit&Go Freeroll" buyIn: Ticket only level: 4 - HandId: #544802389450817537-29-1438959292 - Holdem no limit (40/80) - 2015/08/07 14:54:52 UTC
Table: 'Sit&Go Freeroll(126846691)#0' 10-max (real money) Seat #8 is the button
Seat 3: Kind_PP (1950)
Seat 8: manggy94 (10690)
Seat 9: ddel49 (2360)
*** ANTE/BLINDS ***
ddel49 posts small blind 40
Kind_PP posts big blind 80
Dealt to manggy94 [8s Ac]
*** PRE-FLOP *** 
manggy94 raises 200 to 280
ddel49 folds
Kind_PP folds
manggy94 collected 400 from pot
*** SUMMARY ***
Total pot 400 | No rake
Seat 8: manggy94 (button) won 400


Winamax Poker - Tournament "Sit&Go Freeroll" buyIn: Ticket only level: 4 - HandId: #544802389450817537-30-1438959305 - Holdem no limit (40/80) - 2015/08/07 14:55:05 UTC
Table: 'Sit&Go Freeroll(126846691)#0' 10-max (real money) Seat #9 is the button
Seat 3: Kind_PP (1870)
Seat 8: manggy94 (10810)
Seat 9: ddel49 (2320)
*** ANTE/BLINDS ***
Kind_PP posts small blind 40
manggy94 posts big blind 80
Dealt to manggy94 [As Tc]
*** PRE-FLOP *** 
ddel49 folds
Kind_PP folds
manggy94 collected 120 from pot
*** SUMMARY ***
Total pot 120 | No rake
Seat 8: manggy94 (big blind) won 120


Winamax Poker - Tournament "Sit&Go Freeroll" buyIn: Ticket only level: 4 - HandId: #544802389450817537-31-1438959314 - Holdem no limit (40/80) - 2015/08/07 14:55:14 UTC
Table: 'Sit&Go Freeroll(126846691)#0' 10-max (real money) Seat #3 is the button
Seat 3: Kind_PP (1830)
Seat 8: manggy94 (10850)
Seat 9: ddel49 (2320)
*** ANTE/BLINDS ***
manggy94 posts small blind 40
ddel49 posts big blind 80
Dealt to manggy94 [Jd 7d]
*** PRE-FLOP *** 
Kind_PP raises 80 to 160
manggy94 calls 120
ddel49 folds
*** FLOP *** [9s Jc 6d]
manggy94 bets 10690 and is all-in
Kind_PP folds
manggy94 collected 11090 from pot
*** SUMMARY ***
Total pot 11090 | No rake
Board: [9s Jc 6d]
Seat 8: manggy94 (small blind) won 11090


Winamax Poker - Tournament "Sit&Go Freeroll" buyIn: Ticket only level: 4 - HandId: #544802389450817537-32-1438959324 - Holdem no limit (40/80) - 2015/08/07 14:55:24 UTC
Table: 'Sit&Go Freeroll(126846691)#0' 10-max (real money) Seat #8 is the button
Seat 3: Kind_PP (1670)
Seat 8: manggy94 (11090)
Seat 9: ddel49 (2240)
*** ANTE/BLINDS ***
ddel49 posts small blind 40
Kind_PP posts big blind 80
Dealt to manggy94 [Th Jd]
*** PRE-FLOP *** 
manggy94 raises 200 to 280
ddel49 folds
Kind_PP folds
manggy94 collected 400 from pot
*** SUMMARY ***
Total pot 400 | No rake
Seat 8: manggy94 (button) won 400


Winamax Poker - Tournament "Sit&Go Freeroll" buyIn: Ticket only level: 4 - HandId: #544802389450817537-33-1438959330 - Holdem no limit (40/80) - 2015/08/07 14:55:30 UTC
Table: 'Sit&Go Freeroll(126846691)#0' 10-max (real money) Seat #9 is the button
Seat 3: Kind_PP (1590)
Seat 8: manggy94 (11210)
Seat 9: ddel49 (2200)
*** ANTE/BLINDS ***
Kind_PP posts small blind 40
manggy94 posts big blind 80
Dealt to manggy94 [4h Ac]
*** PRE-FLOP *** 
ddel49 folds
Kind_PP folds
manggy94 collected 120 from pot
*** SUMMARY ***
Total pot 120 | No rake
Seat 8: manggy94 (big blind) won 120


Winamax Poker - Tournament "Sit&Go Freeroll" buyIn: Ticket only level: 4 - HandId: #544802389450817537-34-1438959336 - Holdem no limit (40/80) - 2015/08/07 14:55:36 UTC
Table: 'Sit&Go Freeroll(126846691)#0' 10-max (real money) Seat #3 is the button
Seat 3: Kind_PP (1550)
Seat 8: manggy94 (11250)
Seat 9: ddel49 (2200)
*** ANTE/BLINDS ***
manggy94 posts small blind 40
ddel49 posts big blind 80
Dealt to manggy94 [Ad Qd]
*** PRE-FLOP *** 
Kind_PP folds
manggy94 raises 160 to 240
ddel49 raises 160 to 400
manggy94 raises 160 to 560
ddel49 calls 160
*** FLOP *** [Jh 5h 2s]
manggy94 bets 1760
ddel49 calls 1640 and is all-in
*** TURN *** [Jh 5h 2s][Ks]
*** RIVER *** [Jh 5h 2s Ks][8s]
*** SHOW DOWN ***
ddel49 shows [4h 4d] (One pair : 4)
manggy94 shows [Ad Qd] (High card : Ace)
manggy94 collected 120 from side pot 1
ddel49 collected 4400 from main pot
*** SUMMARY ***
Total pot 4520 | No rake
Board: [Jh 5h 2s Ks 8s]
Seat 8: manggy94 (small blind) showed [Ad Qd] and won 120 with High card : Ace
Seat 9: ddel49 (big blind) showed [4h 4d] and won 4400 with One pair : 4


Winamax Poker - Tournament "Sit&Go Freeroll" buyIn: Ticket only level: 4 - HandId: #544802389450817537-35-1438959362 - Holdem no limit (40/80) - 2015/08/07 14:56:02 UTC
Table: 'Sit&Go Freeroll(126846691)#0' 10-max (real money) Seat #8 is the button
Seat 3: Kind_PP (1550)
Seat 8: manggy94 (9050)
Seat 9: ddel49 (4400)
*** ANTE/BLINDS ***
ddel49 posts small blind 40
Kind_PP posts big blind 80
Dealt to manggy94 [2d Qd]
*** PRE-FLOP *** 
manggy94 calls 80
ddel49 calls 40
Kind_PP checks
*** FLOP *** [Kh 4c 9d]
ddel49 checks
Kind_PP bets 80
manggy94 calls 80
ddel49 folds
*** TURN *** [Kh 4c 9d][7h]
Kind_PP checks
manggy94 checks
*** RIVER *** [Kh 4c 9d 7h][2c]
Kind_PP bets 80
manggy94 calls 80
*** SHOW DOWN ***
manggy94 shows [2d Qd] (One pair : 2)
Kind_PP shows [3d Kc] (One pair : Kings)
Kind_PP collected 560 from pot
*** SUMMARY ***
Total pot 560 | No rake
Board: [Kh 4c 9d 7h 2c]
Seat 3: Kind_PP (big blind) showed [3d Kc] and won 560 with One pair : Kings
Seat 8: manggy94 (button) showed [2d Qd] and lost with One pair : 2


Winamax Poker - Tournament "Sit&Go Freeroll" buyIn: Ticket only level: 4 - HandId: #544802389450817537-36-1438959412 - Holdem no limit (40/80) - 2015/08/07 14:56:52 UTC
Table: 'Sit&Go Freeroll(126846691)#0' 10-max (real money) Seat #9 is the button
Seat 3: Kind_PP (1870)
Seat 8: manggy94 (8810)
Seat 9: ddel49 (4320)
*** ANTE/BLINDS ***
Kind_PP posts small blind 40
manggy94 posts big blind 80
Dealt to manggy94 [Js 6d]
*** PRE-FLOP *** 
ddel49 raises 80 to 160
Kind_PP folds
manggy94 raises 8650 to 8810 and is all-in
ddel49 folds
manggy94 collected 9010 from pot
*** SUMMARY ***
Total pot 9010 | No rake
Seat 8: manggy94 (big blind) won 9010


Winamax Poker - Tournament "Sit&Go Freeroll" buyIn: Ticket only level: 5 - HandId: #544802389450817537-37-1438959434 - Holdem no limit (60/120) - 2015/08/07 14:57:14 UTC
Table: 'Sit&Go Freeroll(126846691)#0' 10-max (real money) Seat #3 is the button
Seat 3: Kind_PP (1830)
Seat 8: manggy94 (9010)
Seat 9: ddel49 (4160)
*** ANTE/BLINDS ***
manggy94 posts small blind 60
ddel49 posts big blind 120
Dealt to manggy94 [5h Kd]
*** PRE-FLOP *** 
Kind_PP folds
manggy94 calls 60
ddel49 checks
*** FLOP *** [8s 8h 3d]
manggy94 bets 240
ddel49 folds
manggy94 collected 480 from pot
*** SUMMARY ***
Total pot 480 | No rake
Board: [8s 8h 3d]
Seat 8: manggy94 (small blind) won 480


Winamax Poker - Tournament "Sit&Go Freeroll" buyIn: Ticket only level: 5 - HandId: #544802389450817537-38-1438959449 - Holdem no limit (60/120) - 2015/08/07 14:57:29 UTC
Table: 'Sit&Go Freeroll(126846691)#0' 10-max (real money) Seat #8 is the button
Seat 3: Kind_PP (1830)
Seat 8: manggy94 (9130)
Seat 9: ddel49 (4040)
*** ANTE/BLINDS ***
ddel49 posts small blind 60
Kind_PP posts big blind 120
Dealt to manggy94 [3c 2c]
*** PRE-FLOP *** 
manggy94 calls 120
ddel49 calls 60
Kind_PP checks
*** FLOP *** [9s 6h Ad]
ddel49 bets 120
Kind_PP folds
manggy94 calls 120
*** TURN *** [9s 6h Ad][3d]
ddel49 bets 120
manggy94 calls 120
*** RIVER *** [9s 6h Ad 3d][As]
ddel49 bets 240
manggy94 calls 240
*** SHOW DOWN ***
manggy94 shows [3c 2c] (Two pairs : Aces and 3)
ddel49 shows [9c 7c] (Two pairs : Aces and 9)
ddel49 collected 1320 from pot
*** SUMMARY ***
Total pot 1320 | No rake
Board: [9s 6h Ad 3d As]
Seat 8: manggy94 (button) showed [3c 2c] and lost with Two pairs : Aces and 3
Seat 9: ddel49 (small blind) showed [9c 7c] and won 1320 with Two pairs : Aces and 9


Winamax Poker - Tournament "Sit&Go Freeroll" buyIn: Ticket only level: 5 - HandId: #544802389450817537-39-1438959471 - Holdem no limit (60/120) - 2015/08/07 14:57:51 UTC
Table: 'Sit&Go Freeroll(126846691)#0' 10-max (real money) Seat #9 is the button
Seat 3: Kind_PP (1710)
Seat 8: manggy94 (8530)
Seat 9: ddel49 (4760)
*** ANTE/BLINDS ***
Kind_PP posts small blind 60
manggy94 posts big blind 120
Dealt to manggy94 [Ah 6h]
*** PRE-FLOP *** 
ddel49 folds
Kind_PP raises 180 to 300
manggy94 raises 180 to 480
Kind_PP raises 1230 to 1710 and is all-in
manggy94 calls 1230
*** FLOP *** [3c 9d 2s]
*** TURN *** [3c 9d 2s][Kc]
*** RIVER *** [3c 9d 2s Kc][Ac]
*** SHOW DOWN ***
manggy94 shows [Ah 6h] (One pair : Aces)
Kind_PP shows [As Kd] (Two pairs : Aces and Kings)
Kind_PP collected 3420 from pot
*** SUMMARY ***
Total pot 3420 | No rake
Board: [3c 9d 2s Kc Ac]
Seat 3: Kind_PP (small blind) showed [As Kd] and won 3420 with Two pairs : Aces and Kings
Seat 8: manggy94 (big blind) showed [Ah 6h] and lost with One pair : Aces


Winamax Poker - Tournament "Sit&Go Freeroll" buyIn: Ticket only level: 5 - HandId: #544802389450817537-40-1438959489 - Holdem no limit (60/120) - 2015/08/07 14:58:09 UTC
Table: 'Sit&Go Freeroll(126846691)#0' 10-max (real money) Seat #3 is the button
Seat 3: Kind_PP (3420)
Seat 8: manggy94 (6820)
Seat 9: ddel49 (4760)
*** ANTE/BLINDS ***
manggy94 posts small blind 60
ddel49 posts big blind 120
Dealt to manggy94 [Jd 8s]
*** PRE-FLOP *** 
Kind_PP folds
manggy94 raises 2100 to 2220
ddel49 folds
manggy94 collected 2340 from pot
*** SUMMARY ***
Total pot 2340 | No rake
Seat 8: manggy94 (small blind) won 2340


Winamax Poker - Tournament "Sit&Go Freeroll" buyIn: Ticket only level: 5 - HandId: #544802389450817537-41-1438959501 - Holdem no limit (60/120) - 2015/08/07 14:58:21 UTC
Table: 'Sit&Go Freeroll(126846691)#0' 10-max (real money) Seat #8 is the button
Seat 3: Kind_PP (3420)
Seat 8: manggy94 (6940)
Seat 9: ddel49 (4640)
*** ANTE/BLINDS ***
ddel49 posts small blind 60
Kind_PP posts big blind 120
Dealt to manggy94 [Jh Qh]
*** PRE-FLOP *** 
manggy94 raises 120 to 240
ddel49 folds
Kind_PP raises 240 to 480
manggy94 raises 1020 to 1500
Kind_PP raises 1920 to 3420 and is all-in
manggy94 calls 1920
*** FLOP *** [Qd 5h Ad]
*** TURN *** [Qd 5h Ad][Qc]
*** RIVER *** [Qd 5h Ad Qc][3d]
*** SHOW DOWN ***
Kind_PP shows [9d 9h] (Two pairs : Queens and 9)
manggy94 shows [Jh Qh] (Trips of Queens)
manggy94 collected 6900 from pot
*** SUMMARY ***
Total pot 6900 | No rake
Board: [Qd 5h Ad Qc 3d]
Seat 3: Kind_PP (big blind) showed [9d 9h] and lost with Two pairs : Queens and 9
Seat 8: manggy94 (button) showed [Jh Qh] and won 6900 with Trips of Queens


Winamax Poker - Tournament "Sit&Go Freeroll" buyIn: Ticket only level: 5 - HandId: #544802389450817537-42-1438959522 - Holdem no limit (60/120) - 2015/08/07 14:58:42 UTC
Table: 'Sit&Go Freeroll(126846691)#0' 10-max (real money) Seat #8 is the button
Seat 8: manggy94 (10420)
Seat 9: ddel49 (4580)
*** ANTE/BLINDS ***
manggy94 posts small blind 60
ddel49 posts big blind 120
Dealt to manggy94 [Qc 2s]
*** PRE-FLOP *** 
manggy94 raises 10300 to 10420 and is all-in
ddel49 calls 4460 and is all-in
*** FLOP *** [6c 2h Kd]
*** TURN *** [6c 2h Kd][Jc]
*** RIVER *** [6c 2h Kd Jc][Tc]
*** SHOW DOWN ***
ddel49 shows [3c 6h] (One pair : 6)
manggy94 shows [Qc 2s] (One pair : 2)
manggy94 collected 5840 from side pot 1
ddel49 collected 9160 from main pot
*** SUMMARY ***
Total pot 15000 | No rake
Board: [6c 2h Kd Jc Tc]
Seat 8: manggy94 (small blind) (button) showed [Qc 2s] and won 5840 with One pair : 2
Seat 9: ddel49 (big blind) showed [3c 6h] and won 9160 with One pair : 6


Winamax Poker - Tournament "Sit&Go Freeroll" buyIn: Ticket only level: 5 - HandId: #544802389450817537-43-1438959536 - Holdem no limit (60/120) - 2015/08/07 14:58:56 UTC
Table: 'Sit&Go Freeroll(126846691)#0' 10-max (real money) Seat #9 is the button
Seat 8: manggy94 (5840)
Seat 9: ddel49 (9160)
*** ANTE/BLINDS ***
ddel49 posts small blind 60
manggy94 posts big blind 120
Dealt to manggy94 [Js 5h]
*** PRE-FLOP *** 
ddel49 calls 60
manggy94 checks
*** FLOP *** [2d 9s 7c]
manggy94 checks
ddel49 checks
*** TURN *** [2d 9s 7c][9c]
manggy94 bets 120
ddel49 raises 120 to 240
manggy94 calls 120
*** RIVER *** [2d 9s 7c 9c][Kc]
manggy94 checks
ddel49 bets 720
manggy94 folds
ddel49 collected 1440 from pot
*** SUMMARY ***
Total pot 1440 | No rake
Board: [2d 9s 7c 9c Kc]
Seat 9: ddel49 (small blind) (button) won 1440


Winamax Poker - Tournament "Sit&Go Freeroll" buyIn: Ticket only level: 5 - HandId: #544802389450817537-44-1438959561 - Holdem no limit (60/120) - 2015/08/07 14:59:21 UTC
Table: 'Sit&Go Freeroll(126846691)#0' 10-max (real money) Seat #8 is the button
Seat 8: manggy94 (5480)
Seat 9: ddel49 (9520)
*** ANTE/BLINDS ***
manggy94 posts small blind 60
ddel49 posts big blind 120
Dealt to manggy94 [9d 3s]
*** PRE-FLOP *** 
manggy94 folds
ddel49 collected 180 from pot
*** SUMMARY ***
Total pot 180 | No rake
Seat 9: ddel49 (big blind) won 180


Winamax Poker - Tournament "Sit&Go Freeroll" buyIn: Ticket only level: 5 - HandId: #544802389450817537-45-1438959566 - Holdem no limit (60/120) - 2015/08/07 14:59:26 UTC
Table: 'Sit&Go Freeroll(126846691)#0' 10-max (real money) Seat #9 is the button
Seat 8: manggy94 (5420)
Seat 9: ddel49 (9580)
*** ANTE/BLINDS ***
ddel49 posts small blind 60
manggy94 posts big blind 120
Dealt to manggy94 [9c 3h]
*** PRE-FLOP *** 
ddel49 raises 9460 to 9580 and is all-in
manggy94 folds
ddel49 collected 9700 from pot
*** SUMMARY ***
Total pot 9700 | No rake
Seat 9: ddel49 (small blind) (button) won 9700


Winamax Poker - Tournament "Sit&Go Freeroll" buyIn: Ticket only level: 5 - HandId: #544802389450817537-46-1438959575 - Holdem no limit (60/120) - 2015/08/07 14:59:35 UTC
Table: 'Sit&Go Freeroll(126846691)#0' 10-max (real money) Seat #8 is the button
Seat 8: manggy94 (5300)
Seat 9: ddel49 (9700)
*** ANTE/BLINDS ***
manggy94 posts small blind 60
ddel49 posts big blind 120
Dealt to manggy94 [3h Ts]
*** PRE-FLOP *** 
manggy94 folds
ddel49 collected 180 from pot
*** SUMMARY ***
Total pot 180 | No rake
Seat 9: ddel49 (big blind) won 180


Winamax Poker - Tournament "Sit&Go Freeroll" buyIn: Ticket only level: 5 - HandId: #544802389450817537-47-1438959581 - Holdem no limit (60/120) - 2015/08/07 14:59:41 UTC
Table: 'Sit&Go Freeroll(126846691)#0' 10-max (real money) Seat #9 is the button
Seat 8: manggy94 (5240)
Seat 9: ddel49 (9760)
*** ANTE/BLINDS ***
ddel49 posts small blind 60
manggy94 posts big blind 120
Dealt to manggy94 [3h Qc]
*** PRE-FLOP *** 
ddel49 calls 60
manggy94 raises 5120 to 5240 and is all-in
ddel49 folds
manggy94 collected 5360 from pot
*** SUMMARY ***
Total pot 5360 | No rake
Seat 8: manggy94 (big blind) won 5360


Winamax Poker - Tournament "Sit&Go Freeroll" buyIn: Ticket only level: 5 - HandId: #544802389450817537-48-1438959590 - Holdem no limit (60/120) - 2015/08/07 14:59:50 UTC
Table: 'Sit&Go Freeroll(126846691)#0' 10-max (real money) Seat #8 is the button
Seat 8: manggy94 (5360)
Seat 9: ddel49 (9640)
*** ANTE/BLINDS ***
manggy94 posts small blind 60
ddel49 posts big blind 120
Dealt to manggy94 [6c 6d]
*** PRE-FLOP *** 
manggy94 raises 5240 to 5360 and is all-in
ddel49 folds
manggy94 collected 5480 from pot
*** SUMMARY ***
Total pot 5480 | No rake
Seat 8: manggy94 (small blind) (button) won 5480


Winamax Poker - Tournament "Sit&Go Freeroll" buyIn: Ticket only level: 5 - HandId: #544802389450817537-49-1438959605 - Holdem no limit (60/120) - 2015/08/07 15:00:05 UTC
Table: 'Sit&Go Freeroll(126846691)#0' 10-max (real money) Seat #9 is the button
Seat 8: manggy94 (5480)
Seat 9: ddel49 (9520)
*** ANTE/BLINDS ***
ddel49 posts small blind 60
manggy94 posts big blind 120
Dealt to manggy94 [9s 7d]
*** PRE-FLOP *** 
ddel49 raises 240 to 360
manggy94 calls 240
*** FLOP *** [Qh Td 6h]
manggy94 bets 5120 and is all-in
ddel49 folds
manggy94 collected 5840 from pot
*** SUMMARY ***
Total pot 5840 | No rake
Board: [Qh Td 6h]
Seat 8: manggy94 (big blind) won 5840


Winamax Poker - Tournament "Sit&Go Freeroll" buyIn: Ticket only level: 6 - HandId: #544802389450817537-50-1438959622 - Holdem no limit (80/160) - 2015/08/07 15:00:22 UTC
Table: 'Sit&Go Freeroll(126846691)#0' 10-max (real money) Seat #8 is the button
Seat 8: manggy94 (5840)
Seat 9: ddel49 (9160)
*** ANTE/BLINDS ***
manggy94 posts small blind 80
ddel49 posts big blind 160
Dealt to manggy94 [6s Tc]
*** PRE-FLOP *** 
manggy94 raises 320 to 480
ddel49 calls 320
*** FLOP *** [5c 8d 9s]
ddel49 checks
manggy94 checks
*** TURN *** [5c 8d 9s][4s]
ddel49 checks
manggy94 checks
*** RIVER *** [5c 8d 9s 4s][6c]
ddel49 checks
manggy94 bets 960
ddel49 folds
manggy94 collected 1920 from pot
*** SUMMARY ***
Total pot 1920 | No rake
Board: [5c 8d 9s 4s 6c]
Seat 8: manggy94 (small blind) (button) won 1920


Winamax Poker - Tournament "Sit&Go Freeroll" buyIn: Ticket only level: 6 - HandId: #544802389450817537-51-1438959643 - Holdem no limit (80/160) - 2015/08/07 15:00:43 UTC
Table: 'Sit&Go Freeroll(126846691)#0' 10-max (real money) Seat #9 is the button
Seat 8: manggy94 (6320)
Seat 9: ddel49 (8680)
*** ANTE/BLINDS ***
ddel49 posts small blind 80
manggy94 posts big blind 160
Dealt to manggy94 [7d As]
*** PRE-FLOP *** 
ddel49 raises 8520 to 8680 and is all-in
manggy94 calls 6160 and is all-in
*** FLOP *** [Ks 4d 5h]
*** TURN *** [Ks 4d 5h][7h]
*** RIVER *** [Ks 4d 5h 7h][6d]
*** SHOW DOWN ***
manggy94 shows [7d As] (One pair : 7)
ddel49 shows [3s 3d] (Straight 7 high)
ddel49 collected 15000 from pot
*** SUMMARY ***
Total pot 15000 | No rake
Board: [Ks 4d 5h 7h 6d]
Seat 8: manggy94 (big blind) showed [7d As] and lost with One pair : 7
Seat 9: ddel49 (small blind) (button) showed [3s 3d] and won 15000 with Straight 7 high


