Winamax Poker - Tournament "FAST FOOD" buyIn: 2,25€ + 2,25€ + 0,50€ level: 1 - HandId: #586953567860949009-1-1448191143 - Holdem no limit (50/100) - 2015/11/22 11:19:03 UTC
Table: 'FAST FOOD(136660777)#016' 8-max (real money) Seat #6 is the button
Seat 6: manggy94 (10000)
Seat 7: gilbzh (10000)
*** ANTE/BLINDS ***
manggy94 posts small blind 50
gilbzh posts big blind 100
Dealt to manggy94 [Qd 7s]
*** PRE-FLOP *** 
manggy94 calls 50
gilbzh checks
*** FLOP *** [6c Ks 9c]
gilbzh checks
manggy94 bets 200
gilbzh folds
manggy94 collected 400 from pot
*** SUMMARY ***
Total pot 400 | No rake
Board: [6c Ks 9c]
Seat 6: manggy94 (small blind) (button) won 400


Winamax Poker - Tournament "FAST FOOD" buyIn: 2,25€ + 2,25€ + 0,50€ level: 1 - HandId: #586953567860949009-2-1448191159 - Holdem no limit (50/100) - 2015/11/22 11:19:19 UTC
Table: 'FAST FOOD(136660777)#016' 8-max (real money) Seat #6 is the button
Seat 4: Freu92 (10000)
Seat 5: AUBUSSON 23 (10000)
Seat 6: manggy94 (10100)
Seat 7: gilbzh (9900)
*** ANTE/BLINDS ***
gilbzh posts small blind 50
Freu92 posts big blind 100
Dealt to manggy94 [Ac 5h]
*** PRE-FLOP *** 
AUBUSSON 23 calls 100
manggy94 calls 100
gilbzh folds
Freu92 checks
*** FLOP *** [3d As 8c]
Freu92 checks
AUBUSSON 23 checks
manggy94 bets 350
Freu92 folds
AUBUSSON 23 calls 350
*** TURN *** [3d As 8c][3c]
AUBUSSON 23 checks
manggy94 bets 1050
AUBUSSON 23 calls 1050
*** RIVER *** [3d As 8c 3c][2h]
AUBUSSON 23 checks
manggy94 checks
*** SHOW DOWN ***
AUBUSSON 23 shows [8d 4d] (Two pairs : 8 and 3)
manggy94 shows [Ac 5h] (Two pairs : Aces and 3)
manggy94 collected 3150 from pot
*** SUMMARY ***
Total pot 3150 | No rake
Board: [3d As 8c 3c 2h]
Seat 5: AUBUSSON 23 showed [8d 4d] and lost with Two pairs : 8 and 3
Seat 6: manggy94 (button) showed [Ac 5h] and won 3150 with Two pairs : Aces and 3


Winamax Poker - Tournament "FAST FOOD" buyIn: 2,25€ + 2,25€ + 0,50€ level: 1 - HandId: #586953567860949009-3-1448191208 - Holdem no limit (50/100) - 2015/11/22 11:20:08 UTC
Table: 'FAST FOOD(136660777)#016' 8-max (real money) Seat #7 is the button
Seat 1: t0ny00 (10000)
Seat 3: Samaritin974 (9600)
Seat 4: Freu92 (9900)
Seat 5: AUBUSSON 23 (8500)
Seat 6: manggy94 (11750)
Seat 7: gilbzh (9850)
Seat 8: mawa (10000)
*** ANTE/BLINDS ***
Freu92 posts small blind 50
AUBUSSON 23 posts big blind 100
Dealt to manggy94 [6c 4s]
*** PRE-FLOP *** 
manggy94 folds
gilbzh folds
Freu92 calls 50
AUBUSSON 23 checks
*** FLOP *** [Ks Ad 9c]
Freu92 bets 200
AUBUSSON 23 calls 200
*** TURN *** [Ks Ad 9c][Ts]
Freu92 bets 100
AUBUSSON 23 calls 100
*** RIVER *** [Ks Ad 9c Ts][Qc]
Freu92 bets 1000
AUBUSSON 23 folds
Freu92 collected 1800 from pot
*** SUMMARY ***
Total pot 1800 | No rake
Board: [Ks Ad 9c Ts Qc]
Seat 4: Freu92 (small blind) won 1800


Winamax Poker - Tournament "FAST FOOD" buyIn: 2,25€ + 2,25€ + 0,50€ level: 2 - HandId: #586953567860949009-4-1448191264 - Holdem no limit (75/150) - 2015/11/22 11:21:04 UTC
Table: 'FAST FOOD(136660777)#016' 8-max (real money) Seat #4 is the button
Seat 1: t0ny00 (10000)
Seat 2: meglio95 (10000)
Seat 4: Freu92 (10300)
Seat 5: AUBUSSON 23 (8100)
Seat 6: manggy94 (11750)
Seat 7: gilbzh (9850)
Seat 8: mawa (10000)
*** ANTE/BLINDS ***
AUBUSSON 23 posts small blind 75
manggy94 posts big blind 150
Dealt to manggy94 [Tc Ah]
*** PRE-FLOP *** 
gilbzh folds
mawa folds
t0ny00 folds
meglio95 folds
Freu92 calls 150
AUBUSSON 23 folds
manggy94 checks
*** FLOP *** [Ac Ts Js]
manggy94 checks
Freu92 bets 375
manggy94 calls 375
*** TURN *** [Ac Ts Js][Ad]
manggy94 checks
Freu92 checks
*** RIVER *** [Ac Ts Js Ad][7h]
manggy94 bets 1125
Freu92 folds
manggy94 collected 2250 from pot
*** SUMMARY ***
Total pot 2250 | No rake
Board: [Ac Ts Js Ad 7h]
Seat 6: manggy94 (big blind) won 2250


Winamax Poker - Tournament "FAST FOOD" buyIn: 2,25€ + 2,25€ + 0,50€ level: 2 - HandId: #586953567860949009-5-1448191316 - Holdem no limit (75/150) - 2015/11/22 11:21:56 UTC
Table: 'FAST FOOD(136660777)#016' 8-max (real money) Seat #5 is the button
Seat 1: t0ny00 (10000)
Seat 2: meglio95 (10000)
Seat 3: ACBABA (10000)
Seat 4: Freu92 (9775)
Seat 5: AUBUSSON 23 (8025)
Seat 6: manggy94 (12350)
Seat 7: gilbzh (9850)
Seat 8: mawa (10000)
*** ANTE/BLINDS ***
manggy94 posts small blind 75
gilbzh posts big blind 150
Dealt to manggy94 [2h 3c]
*** PRE-FLOP *** 
mawa folds
t0ny00 folds
meglio95 folds
ACBABA folds
Freu92 folds
AUBUSSON 23 calls 150
manggy94 calls 75
gilbzh checks
*** FLOP *** [7d 9s 2s]
manggy94 checks
gilbzh checks
AUBUSSON 23 checks
*** TURN *** [7d 9s 2s][Kc]
manggy94 checks
gilbzh bets 225
AUBUSSON 23 calls 225
manggy94 folds
*** RIVER *** [7d 9s 2s Kc][Ks]
gilbzh checks
AUBUSSON 23 checks
*** SHOW DOWN ***
gilbzh shows [8h Tc] (One pair : Kings)
AUBUSSON 23 shows [8c Js] (One pair : Kings)
AUBUSSON 23 collected 900 from pot
*** SUMMARY ***
Total pot 900 | No rake
Board: [7d 9s 2s Kc Ks]
Seat 5: AUBUSSON 23 (button) showed [8c Js] and won 900 with One pair : Kings
Seat 7: gilbzh (big blind) showed [8h Tc] and lost with One pair : Kings


Winamax Poker - Tournament "FAST FOOD" buyIn: 2,25€ + 2,25€ + 0,50€ level: 2 - HandId: #586953567860949009-6-1448191387 - Holdem no limit (75/150) - 2015/11/22 11:23:07 UTC
Table: 'FAST FOOD(136660777)#016' 8-max (real money) Seat #6 is the button
Seat 1: t0ny00 (10000)
Seat 2: meglio95 (10000)
Seat 3: ACBABA (10000)
Seat 4: Freu92 (9775)
Seat 5: AUBUSSON 23 (8550)
Seat 6: manggy94 (12200)
Seat 7: gilbzh (9475)
Seat 8: mawa (10000)
*** ANTE/BLINDS ***
gilbzh posts small blind 75
mawa posts big blind 150
Dealt to manggy94 [Th 4c]
*** PRE-FLOP *** 
t0ny00 raises 150 to 300
meglio95 folds
ACBABA folds
Freu92 folds
AUBUSSON 23 calls 300
manggy94 folds
gilbzh calls 225
mawa folds
*** FLOP *** [9h 8d 7d]
gilbzh checks
t0ny00 checks
AUBUSSON 23 bets 150
gilbzh raises 375 to 525
t0ny00 folds
AUBUSSON 23 calls 375
*** TURN *** [9h 8d 7d][Ac]
gilbzh bets 1050
AUBUSSON 23 calls 1050
*** RIVER *** [9h 8d 7d Ac][6d]
gilbzh bets 2100
AUBUSSON 23 calls 2100
*** SHOW DOWN ***
AUBUSSON 23 shows [7s 6s] (Two pairs : 7 and 6)
gilbzh shows [Ts 9s] (Straight Ten high)
gilbzh collected 8400 from pot
*** SUMMARY ***
Total pot 8400 | No rake
Board: [9h 8d 7d Ac 6d]
Seat 5: AUBUSSON 23 showed [7s 6s] and lost with Two pairs : 7 and 6
Seat 7: gilbzh (small blind) showed [Ts 9s] and won 8400 with Straight Ten high


Winamax Poker - Tournament "FAST FOOD" buyIn: 2,25€ + 2,25€ + 0,50€ level: 3 - HandId: #586953567860949009-7-1448191504 - Holdem no limit (100/200) - 2015/11/22 11:25:04 UTC
Table: 'FAST FOOD(136660777)#016' 8-max (real money) Seat #7 is the button
Seat 1: t0ny00 (9700)
Seat 2: meglio95 (10000)
Seat 3: ACBABA (10000)
Seat 4: Freu92 (9775)
Seat 5: AUBUSSON 23 (4575)
Seat 6: manggy94 (12200)
Seat 7: gilbzh (13900)
Seat 8: mawa (9850)
*** ANTE/BLINDS ***
mawa posts small blind 100
t0ny00 posts big blind 200
Dealt to manggy94 [Ac 6h]
*** PRE-FLOP *** 
meglio95 folds
ACBABA folds
Freu92 folds
AUBUSSON 23 calls 200
manggy94 calls 200
gilbzh folds
mawa calls 100
t0ny00 checks
*** FLOP *** [6d Kh 9c]
mawa checks
t0ny00 checks
AUBUSSON 23 checks
manggy94 checks
*** TURN *** [6d Kh 9c][Qh]
mawa checks
t0ny00 bets 400
AUBUSSON 23 folds
manggy94 folds
mawa folds
t0ny00 collected 1200 from pot
*** SUMMARY ***
Total pot 1200 | No rake
Board: [6d Kh 9c Qh]
Seat 1: t0ny00 (big blind) won 1200


Winamax Poker - Tournament "FAST FOOD" buyIn: 2,25€ + 2,25€ + 0,50€ level: 3 - HandId: #586953567860949009-8-1448191587 - Holdem no limit (100/200) - 2015/11/22 11:26:27 UTC
Table: 'FAST FOOD(136660777)#016' 8-max (real money) Seat #8 is the button
Seat 1: t0ny00 (10300)
Seat 2: meglio95 (10000)
Seat 3: ACBABA (10000)
Seat 4: Freu92 (9775)
Seat 5: AUBUSSON 23 (4375)
Seat 6: manggy94 (12000)
Seat 7: gilbzh (13900)
Seat 8: mawa (9650)
*** ANTE/BLINDS ***
t0ny00 posts small blind 100
meglio95 posts big blind 200
Dealt to manggy94 [Ks Tc]
*** PRE-FLOP *** 
ACBABA folds
Freu92 folds
AUBUSSON 23 calls 200
manggy94 calls 200
gilbzh folds
mawa folds
t0ny00 folds
meglio95 raises 700 to 900
AUBUSSON 23 calls 700
manggy94 calls 700
*** FLOP *** [Jd 5c Js]
meglio95 checks
AUBUSSON 23 checks
manggy94 bets 2800
meglio95 calls 2800
AUBUSSON 23 folds
*** TURN *** [Jd 5c Js][Jh]
meglio95 checks
manggy94 checks
*** RIVER *** [Jd 5c Js Jh][8c]
meglio95 checks
manggy94 checks
*** SHOW DOWN ***
manggy94 shows [Ks Tc] (Trips of Jacks)
meglio95 shows [Qs As] (Trips of Jacks)
meglio95 collected 8400 from pot
*** SUMMARY ***
Total pot 8400 | No rake
Board: [Jd 5c Js Jh 8c]
Seat 2: meglio95 (big blind) showed [Qs As] and won 8400 with Trips of Jacks
Seat 6: manggy94 showed [Ks Tc] and lost with Trips of Jacks


Winamax Poker - Tournament "FAST FOOD" buyIn: 2,25€ + 2,25€ + 0,50€ level: 4 - HandId: #586953567860949009-9-1448191666 - Holdem no limit (150/300) - 2015/11/22 11:27:46 UTC
Table: 'FAST FOOD(136660777)#016' 8-max (real money) Seat #1 is the button
Seat 1: t0ny00 (10200)
Seat 2: meglio95 (14700)
Seat 3: ACBABA (10000)
Seat 4: Freu92 (9775)
Seat 5: AUBUSSON 23 (3475)
Seat 6: manggy94 (8300)
Seat 7: gilbzh (13900)
Seat 8: mawa (9650)
*** ANTE/BLINDS ***
meglio95 posts small blind 150
ACBABA posts big blind 300
Dealt to manggy94 [7h 5d]
*** PRE-FLOP *** 
Freu92 raises 300 to 600
AUBUSSON 23 calls 600
manggy94 folds
gilbzh folds
mawa folds
t0ny00 folds
meglio95 folds
ACBABA folds
*** FLOP *** [Qs 7c 8s]
Freu92 bets 9175 and is all-in
AUBUSSON 23 folds
Freu92 collected 10825 from pot
*** SUMMARY ***
Total pot 10825 | No rake
Board: [Qs 7c 8s]
Seat 4: Freu92 won 10825


Winamax Poker - Tournament "FAST FOOD" buyIn: 2,25€ + 2,25€ + 0,50€ level: 4 - HandId: #586953567860949009-10-1448191755 - Holdem no limit (150/300) - 2015/11/22 11:29:15 UTC
Table: 'FAST FOOD(136660777)#016' 8-max (real money) Seat #2 is the button
Seat 1: t0ny00 (10200)
Seat 2: meglio95 (14550)
Seat 3: ACBABA (9700)
Seat 4: Freu92 (10825)
Seat 5: AUBUSSON 23 (2875)
Seat 6: manggy94 (8300)
Seat 7: gilbzh (13900)
Seat 8: mawa (9650)
*** ANTE/BLINDS ***
ACBABA posts small blind 150
Freu92 posts big blind 300
Dealt to manggy94 [Js 3d]
*** PRE-FLOP *** 
AUBUSSON 23 calls 300
manggy94 folds
gilbzh folds
mawa folds
t0ny00 folds
meglio95 folds
ACBABA folds
Freu92 checks
*** FLOP *** [7s 6h 2s]
Freu92 bets 750
AUBUSSON 23 raises 1825 to 2575 and is all-in
Freu92 calls 1825
*** TURN *** [7s 6h 2s][Ah]
*** RIVER *** [7s 6h 2s Ah][Ac]
*** SHOW DOWN ***
AUBUSSON 23 shows [6d 4h] (Two pairs : Aces and 6)
Freu92 shows [Qc 7h] (Two pairs : Aces and 7)
Freu92 collected 5900 from pot
*** SUMMARY ***
Total pot 5900 | No rake
Board: [7s 6h 2s Ah Ac]
Seat 4: Freu92 (big blind) showed [Qc 7h] and won 5900 with Two pairs : Aces and 7
Seat 5: AUBUSSON 23 showed [6d 4h] and lost with Two pairs : Aces and 6


Winamax Poker - Tournament "FAST FOOD" buyIn: 2,25€ + 2,25€ + 0,50€ level: 5 - HandId: #586953567860949009-11-1448191824 - Holdem no limit (25/150/300) - 2015/11/22 11:30:24 UTC
Table: 'FAST FOOD(136660777)#016' 8-max (real money) Seat #3 is the button
Seat 1: t0ny00 (10200)
Seat 2: meglio95 (14550)
Seat 3: ACBABA (9550)
Seat 4: Freu92 (13850)
Seat 6: manggy94 (8300)
Seat 7: gilbzh (13900)
Seat 8: mawa (9650)
*** ANTE/BLINDS ***
Freu92 posts ante 25
manggy94 posts ante 25
t0ny00 posts ante 25
meglio95 posts ante 25
ACBABA posts ante 25
gilbzh posts ante 25
mawa posts ante 25
Freu92 posts small blind 150
manggy94 posts big blind 300
Dealt to manggy94 [Ac 7d]
*** PRE-FLOP *** 
gilbzh folds
mawa calls 300
t0ny00 folds
meglio95 calls 300
ACBABA folds
Freu92 calls 150
manggy94 checks
*** FLOP *** [Th 6c 3h]
Freu92 checks
manggy94 checks
mawa bets 1375
meglio95 raises 4125 to 5500
Freu92 folds
manggy94 folds
mawa folds
meglio95 collected 8250 from pot
*** SUMMARY ***
Total pot 8250 | No rake
Board: [Th 6c 3h]
Seat 2: meglio95 won 8250


Winamax Poker - Tournament "FAST FOOD" buyIn: 2,25€ + 2,25€ + 0,50€ level: 5 - HandId: #586953567860949009-12-1448191923 - Holdem no limit (25/150/300) - 2015/11/22 11:32:03 UTC
Table: 'FAST FOOD(136660777)#016' 8-max (real money) Seat #4 is the button
Seat 1: t0ny00 (10175)
Seat 2: meglio95 (16975)
Seat 3: ACBABA (9525)
Seat 4: Freu92 (13525)
Seat 5: takapacall49 (10000)
Seat 6: manggy94 (7975)
Seat 7: gilbzh (13875)
Seat 8: mawa (7950)
*** ANTE/BLINDS ***
manggy94 posts ante 25
gilbzh posts ante 25
t0ny00 posts ante 25
meglio95 posts ante 25
ACBABA posts ante 25
Freu92 posts ante 25
mawa posts ante 25
manggy94 posts small blind 150
gilbzh posts big blind 300
Dealt to manggy94 [2c 6c]
*** PRE-FLOP *** 
mawa folds
t0ny00 raises 300 to 600
meglio95 calls 600
ACBABA folds
Freu92 folds
manggy94 folds
gilbzh folds
*** FLOP *** [Qc 8d Jh]
t0ny00 bets 913
meglio95 calls 913
*** TURN *** [Qc 8d Jh][Kc]
t0ny00 bets 1826
meglio95 folds
t0ny00 collected 5477 from pot
*** SUMMARY ***
Total pot 5477 | No rake
Board: [Qc 8d Jh Kc]
Seat 1: t0ny00 won 5477


Winamax Poker - Tournament "FAST FOOD" buyIn: 2,25€ + 2,25€ + 0,50€ level: 6 - HandId: #586953567860949009-13-1448192010 - Holdem no limit (30/200/400) - 2015/11/22 11:33:30 UTC
Table: 'FAST FOOD(136660777)#016' 8-max (real money) Seat #6 is the button
Seat 1: t0ny00 (12288)
Seat 2: meglio95 (15437)
Seat 3: ACBABA (9500)
Seat 4: Freu92 (13500)
Seat 5: takapacall49 (10000)
Seat 6: manggy94 (7800)
Seat 7: gilbzh (13550)
Seat 8: mawa (7925)
*** ANTE/BLINDS ***
gilbzh posts ante 30
mawa posts ante 30
t0ny00 posts ante 30
meglio95 posts ante 30
ACBABA posts ante 30
Freu92 posts ante 30
takapacall49 posts ante 30
manggy94 posts ante 30
gilbzh posts small blind 200
mawa posts big blind 400
Dealt to manggy94 [9s 5d]
*** PRE-FLOP *** 
t0ny00 folds
meglio95 folds
ACBABA folds
Freu92 raises 1600 to 2000
takapacall49 folds
manggy94 folds
gilbzh folds
mawa folds
Freu92 collected 2840 from pot
*** SUMMARY ***
Total pot 2840 | No rake
Seat 4: Freu92 won 2840


Winamax Poker - Tournament "FAST FOOD" buyIn: 2,25€ + 2,25€ + 0,50€ level: 6 - HandId: #586953567860949009-14-1448192063 - Holdem no limit (30/200/400) - 2015/11/22 11:34:23 UTC
Table: 'FAST FOOD(136660777)#016' 8-max (real money) Seat #7 is the button
Seat 1: t0ny00 (12258)
Seat 2: meglio95 (15407)
Seat 3: ACBABA (9470)
Seat 4: Freu92 (14310)
Seat 5: takapacall49 (9970)
Seat 6: manggy94 (7770)
Seat 7: gilbzh (13320)
Seat 8: mawa (7495)
*** ANTE/BLINDS ***
mawa posts ante 30
t0ny00 posts ante 30
meglio95 posts ante 30
ACBABA posts ante 30
Freu92 posts ante 30
takapacall49 posts ante 30
manggy94 posts ante 30
gilbzh posts ante 30
mawa posts small blind 200
t0ny00 posts big blind 400
Dealt to manggy94 [8h Qd]
*** PRE-FLOP *** 
meglio95 calls 400
ACBABA folds
Freu92 folds
takapacall49 folds
manggy94 calls 400
gilbzh calls 400
mawa folds
t0ny00 checks
*** FLOP *** [6d 3h Tc]
t0ny00 checks
meglio95 bets 800
manggy94 folds
gilbzh calls 800
t0ny00 calls 800
*** TURN *** [6d 3h Tc][Kd]
t0ny00 checks
meglio95 bets 4440
gilbzh folds
t0ny00 folds
meglio95 collected 8880 from pot
*** SUMMARY ***
Total pot 8880 | No rake
Board: [6d 3h Tc Kd]
Seat 2: meglio95 won 8880


Winamax Poker - Tournament "FAST FOOD" buyIn: 2,25€ + 2,25€ + 0,50€ level: 7 - HandId: #586953567860949009-15-1448192193 - Holdem no limit (40/250/500) - 2015/11/22 11:36:33 UTC
Table: 'FAST FOOD(136660777)#016' 8-max (real money) Seat #8 is the button
Seat 1: t0ny00 (11028)
Seat 2: meglio95 (18617)
Seat 3: ACBABA (9440)
Seat 4: Freu92 (14280)
Seat 5: takapacall49 (9940)
Seat 6: manggy94 (7340)
Seat 7: gilbzh (12090)
Seat 8: mawa (7265)
*** ANTE/BLINDS ***
t0ny00 posts ante 40
meglio95 posts ante 40
ACBABA posts ante 40
Freu92 posts ante 40
takapacall49 posts ante 40
manggy94 posts ante 40
gilbzh posts ante 40
mawa posts ante 40
t0ny00 posts small blind 250
meglio95 posts big blind 500
Dealt to manggy94 [3d Jd]
*** PRE-FLOP *** 
ACBABA folds
Freu92 folds
takapacall49 folds
manggy94 calls 500
gilbzh folds
mawa folds
t0ny00 calls 250
meglio95 checks
*** FLOP *** [2h 3s Js]
t0ny00 checks
meglio95 checks
manggy94 checks
*** TURN *** [2h 3s Js][Kh]
t0ny00 checks
meglio95 checks
manggy94 bets 1820
t0ny00 folds
meglio95 folds
manggy94 collected 3640 from pot
*** SUMMARY ***
Total pot 3640 | No rake
Board: [2h 3s Js Kh]
Seat 6: manggy94 won 3640


Winamax Poker - Tournament "FAST FOOD" buyIn: 2,25€ + 2,25€ + 0,50€ level: 7 - HandId: #586953567860949009-16-1448192284 - Holdem no limit (40/250/500) - 2015/11/22 11:38:04 UTC
Table: 'FAST FOOD(136660777)#016' 8-max (real money) Seat #1 is the button
Seat 1: t0ny00 (10488)
Seat 2: meglio95 (18077)
Seat 3: ACBABA (9400)
Seat 4: Freu92 (14240)
Seat 5: takapacall49 (9900)
Seat 6: manggy94 (8620)
Seat 7: gilbzh (12050)
Seat 8: mawa (7225)
*** ANTE/BLINDS ***
meglio95 posts ante 40
ACBABA posts ante 40
t0ny00 posts ante 40
Freu92 posts ante 40
takapacall49 posts ante 40
manggy94 posts ante 40
gilbzh posts ante 40
mawa posts ante 40
meglio95 posts small blind 250
ACBABA posts big blind 500
Dealt to manggy94 [5s 4s]
*** PRE-FLOP *** 
Freu92 folds
takapacall49 folds
manggy94 folds
gilbzh folds
mawa folds
t0ny00 folds
meglio95 raises 1320 to 1820
ACBABA raises 7540 to 9360 and is all-in
meglio95 calls 7540
*** FLOP *** [3h Th 8d]
*** TURN *** [3h Th 8d][6s]
*** RIVER *** [3h Th 8d 6s][2c]
*** SHOW DOWN ***
meglio95 shows [7h Ah] (High card : Ace)
ACBABA shows [Ts Kh] (One pair : Tens)
ACBABA collected 19040 from pot
*** SUMMARY ***
Total pot 19040 | No rake
Board: [3h Th 8d 6s 2c]
Seat 2: meglio95 (small blind) showed [7h Ah] and lost with High card : Ace
Seat 3: ACBABA (big blind) showed [Ts Kh] and won 19040 with One pair : Tens


Winamax Poker - Tournament "FAST FOOD" buyIn: 2,25€ + 2,25€ + 0,50€ level: 8 - HandId: #586953567860949009-17-1448192360 - Holdem no limit (60/300/600) - 2015/11/22 11:39:20 UTC
Table: 'FAST FOOD(136660777)#016' 8-max (real money) Seat #2 is the button
Seat 1: t0ny00 (10448)
Seat 2: meglio95 (8677)
Seat 3: ACBABA (19040)
Seat 4: Freu92 (14200)
Seat 5: takapacall49 (9860)
Seat 6: manggy94 (8580)
Seat 7: gilbzh (12010)
Seat 8: mawa (7185)
*** ANTE/BLINDS ***
ACBABA posts ante 60
Freu92 posts ante 60
t0ny00 posts ante 60
meglio95 posts ante 60
takapacall49 posts ante 60
manggy94 posts ante 60
gilbzh posts ante 60
mawa posts ante 60
ACBABA posts small blind 300
Freu92 posts big blind 600
Dealt to manggy94 [Kc 2d]
*** PRE-FLOP *** 
takapacall49 folds
manggy94 calls 600
gilbzh folds
mawa raises 6525 to 7125 and is all-in
t0ny00 folds
meglio95 folds
ACBABA folds
Freu92 folds
manggy94 folds
mawa collected 9105 from pot
*** SUMMARY ***
Total pot 9105 | No rake
Seat 8: mawa won 9105


Winamax Poker - Tournament "FAST FOOD" buyIn: 2,25€ + 2,25€ + 0,50€ level: 8 - HandId: #586953567860949009-18-1448192414 - Holdem no limit (60/300/600) - 2015/11/22 11:40:14 UTC
Table: 'FAST FOOD(136660777)#016' 8-max (real money) Seat #3 is the button
Seat 1: t0ny00 (10388)
Seat 2: meglio95 (8617)
Seat 3: ACBABA (18680)
Seat 4: Freu92 (13540)
Seat 5: takapacall49 (9800)
Seat 6: manggy94 (7920)
Seat 7: gilbzh (11950)
Seat 8: mawa (9105)
*** ANTE/BLINDS ***
Freu92 posts ante 60
takapacall49 posts ante 60
t0ny00 posts ante 60
meglio95 posts ante 60
ACBABA posts ante 60
manggy94 posts ante 60
gilbzh posts ante 60
mawa posts ante 60
Freu92 posts small blind 300
takapacall49 posts big blind 600
Dealt to manggy94 [9d 4s]
*** PRE-FLOP *** 
manggy94 folds
gilbzh calls 600
mawa folds
t0ny00 raises 900 to 1500
meglio95 folds
ACBABA folds
Freu92 folds
takapacall49 folds
gilbzh calls 900
*** FLOP *** [9s Ks 2s]
gilbzh checks
t0ny00 bets 2190
gilbzh calls 2190
*** TURN *** [9s Ks 2s][9c]
gilbzh checks
t0ny00 bets 6638 and is all-in
gilbzh folds
t0ny00 collected 15398 from pot
*** SUMMARY ***
Total pot 15398 | No rake
Board: [9s Ks 2s 9c]
Seat 1: t0ny00 won 15398


Winamax Poker - Tournament "FAST FOOD" buyIn: 2,25€ + 2,25€ + 0,50€ level: 8 - HandId: #586953567860949009-19-1448192487 - Holdem no limit (60/300/600) - 2015/11/22 11:41:27 UTC
Table: 'FAST FOOD(136660777)#016' 8-max (real money) Seat #4 is the button
Seat 1: t0ny00 (15398)
Seat 2: meglio95 (8557)
Seat 3: ACBABA (18620)
Seat 4: Freu92 (13180)
Seat 5: takapacall49 (9140)
Seat 6: manggy94 (7860)
Seat 7: gilbzh (8200)
Seat 8: mawa (9045)
*** ANTE/BLINDS ***
takapacall49 posts ante 60
manggy94 posts ante 60
t0ny00 posts ante 60
meglio95 posts ante 60
ACBABA posts ante 60
Freu92 posts ante 60
gilbzh posts ante 60
mawa posts ante 60
takapacall49 posts small blind 300
manggy94 posts big blind 600
Dealt to manggy94 [Jc 8h]
*** PRE-FLOP *** 
gilbzh folds
mawa folds
t0ny00 raises 900 to 1500
meglio95 folds
ACBABA folds
Freu92 folds
takapacall49 folds
manggy94 calls 900
*** FLOP *** [6s 5h 3c]
manggy94 checks
t0ny00 checks
*** TURN *** [6s 5h 3c][Jh]
manggy94 bets 3780
t0ny00 folds
manggy94 collected 7560 from pot
*** SUMMARY ***
Total pot 7560 | No rake
Board: [6s 5h 3c Jh]
Seat 6: manggy94 (big blind) won 7560


Winamax Poker - Tournament "FAST FOOD" buyIn: 2,25€ + 2,25€ + 0,50€ level: 9 - HandId: #586953567860949009-20-1448192554 - Holdem no limit (75/400/800) - 2015/11/22 11:42:34 UTC
Table: 'FAST FOOD(136660777)#016' 8-max (real money) Seat #5 is the button
Seat 1: t0ny00 (13838)
Seat 2: meglio95 (8497)
Seat 3: ACBABA (18560)
Seat 4: Freu92 (13120)
Seat 5: takapacall49 (8780)
Seat 6: manggy94 (10080)
Seat 7: gilbzh (8140)
Seat 8: mawa (8985)
*** ANTE/BLINDS ***
manggy94 posts ante 75
gilbzh posts ante 75
t0ny00 posts ante 75
meglio95 posts ante 75
ACBABA posts ante 75
Freu92 posts ante 75
takapacall49 posts ante 75
mawa posts ante 75
manggy94 posts small blind 400
gilbzh posts big blind 800
Dealt to manggy94 [6s Kd]
*** PRE-FLOP *** 
mawa folds
t0ny00 folds
meglio95 raises 800 to 1600
ACBABA calls 1600
Freu92 folds
takapacall49 folds
manggy94 calls 1200
gilbzh calls 800
*** FLOP *** [9h 6d Ah]
manggy94 checks
gilbzh checks
meglio95 checks
ACBABA checks
*** TURN *** [9h 6d Ah][Jh]
manggy94 checks
gilbzh bets 6465 and is all-in
meglio95 folds
ACBABA calls 6465
manggy94 folds
*** RIVER *** [9h 6d Ah Jh][4s]
*** SHOW DOWN ***
ACBABA shows [Ks Qh] (High card : Ace)
gilbzh shows [Ts Ad] (One pair : Aces)
gilbzh collected 19930 from pot
*** SUMMARY ***
Total pot 19930 | No rake
Board: [9h 6d Ah Jh 4s]
Seat 3: ACBABA showed [Ks Qh] and lost with High card : Ace
Seat 7: gilbzh (big blind) showed [Ts Ad] and won 19930 with One pair : Aces


Winamax Poker - Tournament "FAST FOOD" buyIn: 2,25€ + 2,25€ + 0,50€ level: 9 - HandId: #586953567860949009-21-1448192638 - Holdem no limit (75/400/800) - 2015/11/22 11:43:58 UTC
Table: 'FAST FOOD(136660777)#016' 8-max (real money) Seat #6 is the button
Seat 1: t0ny00 (13763)
Seat 2: meglio95 (6822)
Seat 3: ACBABA (10420)
Seat 4: Freu92 (13045)
Seat 5: takapacall49 (8705)
Seat 6: manggy94 (8405)
Seat 7: gilbzh (19930)
Seat 8: mawa (8910)
*** ANTE/BLINDS ***
gilbzh posts ante 75
mawa posts ante 75
t0ny00 posts ante 75
meglio95 posts ante 75
ACBABA posts ante 75
Freu92 posts ante 75
takapacall49 posts ante 75
manggy94 posts ante 75
gilbzh posts small blind 400
mawa posts big blind 800
Dealt to manggy94 [Kh Tc]
*** PRE-FLOP *** 
t0ny00 folds
meglio95 folds
ACBABA folds
Freu92 folds
takapacall49 calls 800
manggy94 raises 3400 to 4200
gilbzh folds
mawa folds
takapacall49 folds
manggy94 collected 6800 from pot
*** SUMMARY ***
Total pot 6800 | No rake
Seat 6: manggy94 (button) won 6800


Winamax Poker - Tournament "FAST FOOD" buyIn: 2,25€ + 2,25€ + 0,50€ level: 9 - HandId: #586953567860949009-22-1448192687 - Holdem no limit (75/400/800) - 2015/11/22 11:44:47 UTC
Table: 'FAST FOOD(136660777)#016' 8-max (real money) Seat #7 is the button
Seat 1: t0ny00 (13688)
Seat 2: meglio95 (6747)
Seat 3: ACBABA (10345)
Seat 4: Freu92 (12970)
Seat 5: takapacall49 (7830)
Seat 6: manggy94 (10930)
Seat 7: gilbzh (19455)
Seat 8: mawa (8035)
*** ANTE/BLINDS ***
mawa posts ante 75
t0ny00 posts ante 75
meglio95 posts ante 75
ACBABA posts ante 75
Freu92 posts ante 75
takapacall49 posts ante 75
manggy94 posts ante 75
gilbzh posts ante 75
mawa posts small blind 400
t0ny00 posts big blind 800
Dealt to manggy94 [Jd 4c]
*** PRE-FLOP *** 
meglio95 calls 800
ACBABA folds
Freu92 folds
takapacall49 raises 800 to 1600
manggy94 folds
gilbzh calls 1600
mawa folds
t0ny00 calls 800
meglio95 calls 800
*** FLOP *** [3d Td 5c]
t0ny00 checks
meglio95 checks
takapacall49 checks
gilbzh checks
*** TURN *** [3d Td 5c][4h]
t0ny00 bets 3700
meglio95 raises 1372 to 5072 and is all-in
takapacall49 folds
gilbzh folds
t0ny00 calls 1372
*** RIVER *** [3d Td 5c 4h][7s]
*** SHOW DOWN ***
t0ny00 shows [3h 3s] (Trips of 3)
meglio95 shows [7c 6c] (Straight 7 high)
meglio95 collected 17544 from pot
*** SUMMARY ***
Total pot 17544 | No rake
Board: [3d Td 5c 4h 7s]
Seat 1: t0ny00 (big blind) showed [3h 3s] and lost with Trips of 3
Seat 2: meglio95 showed [7c 6c] and won 17544 with Straight 7 high


Winamax Poker - Tournament "FAST FOOD" buyIn: 2,25€ + 2,25€ + 0,50€ level: 10 - HandId: #586953567860949009-23-1448192810 - Holdem no limit (100/500/1000) - 2015/11/22 11:46:50 UTC
Table: 'FAST FOOD(136660777)#016' 8-max (real money) Seat #8 is the button
Seat 1: t0ny00 (6941)
Seat 2: meglio95 (17544)
Seat 3: ACBABA (10270)
Seat 4: Freu92 (12895)
Seat 5: takapacall49 (6155)
Seat 6: manggy94 (10855)
Seat 7: gilbzh (17780)
Seat 8: mawa (7560)
*** ANTE/BLINDS ***
t0ny00 posts ante 100
meglio95 posts ante 100
ACBABA posts ante 100
Freu92 posts ante 100
takapacall49 posts ante 100
manggy94 posts ante 100
gilbzh posts ante 100
mawa posts ante 100
t0ny00 posts small blind 500
meglio95 posts big blind 1000
Dealt to manggy94 [4s 7h]
*** PRE-FLOP *** 
ACBABA raises 9170 to 10170 and is all-in
Freu92 folds
takapacall49 folds
manggy94 folds
gilbzh calls 10170
mawa folds
t0ny00 folds
meglio95 folds
*** FLOP *** [Qc 3s 4d]
*** TURN *** [Qc 3s 4d][Kh]
*** RIVER *** [Qc 3s 4d Kh][Jd]
*** SHOW DOWN ***
gilbzh shows [5c 5s] (One pair : 5)
ACBABA shows [Qh Ac] (One pair : Queens)
ACBABA collected 22640 from pot
*** SUMMARY ***
Total pot 22640 | No rake
Board: [Qc 3s 4d Kh Jd]
Seat 3: ACBABA showed [Qh Ac] and won 22640 with One pair : Queens
Seat 7: gilbzh showed [5c 5s] and lost with One pair : 5


Winamax Poker - Tournament "FAST FOOD" buyIn: 2,25€ + 2,25€ + 0,50€ level: 10 - HandId: #586953567860949009-24-1448192844 - Holdem no limit (100/500/1000) - 2015/11/22 11:47:24 UTC
Table: 'FAST FOOD(136660777)#016' 8-max (real money) Seat #1 is the button
Seat 1: t0ny00 (6341)
Seat 2: meglio95 (16444)
Seat 3: ACBABA (22640)
Seat 4: Freu92 (12795)
Seat 5: takapacall49 (6055)
Seat 6: manggy94 (10755)
Seat 7: gilbzh (7510)
Seat 8: mawa (7460)
*** ANTE/BLINDS ***
meglio95 posts ante 100
ACBABA posts ante 100
t0ny00 posts ante 100
Freu92 posts ante 100
takapacall49 posts ante 100
manggy94 posts ante 100
gilbzh posts ante 100
mawa posts ante 100
meglio95 posts small blind 500
ACBABA posts big blind 1000
Dealt to manggy94 [Js 3c]
*** PRE-FLOP *** 
Freu92 raises 3300 to 4300
takapacall49 folds
manggy94 folds
gilbzh folds
mawa folds
t0ny00 folds
meglio95 folds
ACBABA raises 9900 to 14200
Freu92 calls 8395 and is all-in
*** FLOP *** [6s Qd 8s]
*** TURN *** [6s Qd 8s][9h]
*** RIVER *** [6s Qd 8s 9h][8d]
*** SHOW DOWN ***
Freu92 shows [Kc As] (One pair : 8)
ACBABA shows [9d 9c] (Full of 9 and 8)
ACBABA collected 28195 from pot
*** SUMMARY ***
Total pot 28195 | No rake
Board: [6s Qd 8s 9h 8d]
Seat 3: ACBABA (big blind) showed [9d 9c] and won 28195 with Full of 9 and 8
Seat 4: Freu92 showed [Kc As] and lost with One pair : 8


Winamax Poker - Tournament "FAST FOOD" buyIn: 2,25€ + 2,25€ + 0,50€ level: 11 - HandId: #586953567860949009-25-1448192903 - Holdem no limit (150/600/1200) - 2015/11/22 11:48:23 UTC
Table: 'FAST FOOD(136660777)#016' 8-max (real money) Seat #2 is the button
Seat 1: t0ny00 (6241)
Seat 2: meglio95 (15844)
Seat 3: ACBABA (36535)
Seat 5: takapacall49 (5955)
Seat 6: manggy94 (10655)
Seat 7: gilbzh (7410)
Seat 8: mawa (7360)
*** ANTE/BLINDS ***
ACBABA posts ante 150
takapacall49 posts ante 150
t0ny00 posts ante 150
meglio95 posts ante 150
manggy94 posts ante 150
gilbzh posts ante 150
mawa posts ante 150
ACBABA posts small blind 600
takapacall49 posts big blind 1200
Dealt to manggy94 [2s Tc]
*** PRE-FLOP *** 
manggy94 folds
gilbzh folds
mawa folds
t0ny00 folds
meglio95 folds
ACBABA folds
takapacall49 collected 2850 from pot
*** SUMMARY ***
Total pot 2850 | No rake
Seat 5: takapacall49 (big blind) won 2850


Winamax Poker - Tournament "FAST FOOD" buyIn: 2,25€ + 2,25€ + 0,50€ level: 11 - HandId: #586953567860949009-26-1448192952 - Holdem no limit (150/600/1200) - 2015/11/22 11:49:12 UTC
Table: 'FAST FOOD(136660777)#016' 8-max (real money) Seat #3 is the button
Seat 1: t0ny00 (6091)
Seat 2: meglio95 (15694)
Seat 3: ACBABA (35785)
Seat 4: AnALySe-goOd (9502)
Seat 5: takapacall49 (7455)
Seat 6: manggy94 (10505)
Seat 7: gilbzh (7260)
Seat 8: mawa (7210)
*** ANTE/BLINDS ***
takapacall49 posts ante 150
manggy94 posts ante 150
t0ny00 posts ante 150
meglio95 posts ante 150
ACBABA posts ante 150
gilbzh posts ante 150
mawa posts ante 150
takapacall49 posts small blind 600
manggy94 posts big blind 1200
Dealt to manggy94 [Td 9s]
*** PRE-FLOP *** 
gilbzh raises 5910 to 7110 and is all-in
mawa folds
t0ny00 folds
meglio95 folds
ACBABA folds
takapacall49 folds
manggy94 folds
gilbzh collected 9960 from pot
*** SUMMARY ***
Total pot 9960 | No rake
Seat 7: gilbzh won 9960


Winamax Poker - Tournament "FAST FOOD" buyIn: 2,25€ + 2,25€ + 0,50€ level: 11 - HandId: #586953567860949009-27-1448192983 - Holdem no limit (150/600/1200) - 2015/11/22 11:49:43 UTC
Table: 'FAST FOOD(136660777)#016' 8-max (real money) Seat #5 is the button
Seat 1: t0ny00 (5941)
Seat 2: meglio95 (15544)
Seat 3: ACBABA (35635)
Seat 4: AnALySe-goOd (9502)
Seat 5: takapacall49 (6705)
Seat 6: manggy94 (9155)
Seat 7: gilbzh (9960)
Seat 8: mawa (7060)
*** ANTE/BLINDS ***
manggy94 posts ante 150
gilbzh posts ante 150
t0ny00 posts ante 150
meglio95 posts ante 150
ACBABA posts ante 150
AnALySe-goOd posts ante 150
takapacall49 posts ante 150
mawa posts ante 150
manggy94 posts small blind 600
gilbzh posts big blind 1200
Dealt to manggy94 [Js Jd]
*** PRE-FLOP *** 
mawa folds
t0ny00 folds
meglio95 folds
ACBABA folds
AnALySe-goOd raises 8152 to 9352 and is all-in
takapacall49 folds
manggy94 calls 8405 and is all-in
gilbzh folds
*** FLOP *** [3h 2c 8c]
*** TURN *** [3h 2c 8c][4d]
*** RIVER *** [3h 2c 8c 4d][Jh]
*** SHOW DOWN ***
manggy94 shows [Js Jd] (Trips of Jacks)
AnALySe-goOd shows [As 5s] (Straight 5 high)
AnALySe-goOd collected 20757 from pot
*** SUMMARY ***
Total pot 20757 | No rake
Board: [3h 2c 8c 4d Jh]
Seat 4: AnALySe-goOd showed [As 5s] and won 20757 with Straight 5 high
Seat 6: manggy94 (small blind) showed [Js Jd] and lost with Trips of Jacks


