Winamax Poker - Tournament "Freeroll" buyIn: Free level: 0 - HandId: #545829122857763153-1-1440440129 - Holdem no limit (10/20) - 2015/08/24 18:15:29 UTC
Table: 'Freeroll(127085746)#0336' 9-max (real money) Seat #1 is the button
Seat 1: sleven19 (3000)
Seat 2: laurics (3000)
Seat 3: blackjack90 (3000)
Seat 4: badboy84 (3000)
Seat 5: vendetta8549 (3000)
Seat 6: manggy94 (3000)
Seat 7: lechat20 (3000)
Seat 8: Le Flow (3000)
Seat 9: Hazebud (3000)
*** ANTE/BLINDS ***
laurics posts small blind 10
blackjack90 posts big blind 20
Dealt to manggy94 [2d Tc]
*** PRE-FLOP *** 
badboy84 folds
vendetta8549 folds
manggy94 folds
lechat20 folds
Le Flow calls 20
Hazebud folds
sleven19 folds
laurics raises 870 to 890
blackjack90 folds
Le Flow folds
laurics collected 930 from pot
*** SUMMARY ***
Total pot 930 | No rake
Seat 2: laurics (small blind) won 930


Winamax Poker - Tournament "Freeroll" buyIn: Free level: 1 - HandId: #545829122857763153-2-1440440318 - Holdem no limit (15/30) - 2015/08/24 18:18:38 UTC
Table: 'Freeroll(127085746)#0336' 9-max (real money) Seat #2 is the button
Seat 1: sleven19 (3000)
Seat 2: laurics (3040)
Seat 3: blackjack90 (2980)
Seat 4: badboy84 (3000)
Seat 5: vendetta8549 (3000)
Seat 6: manggy94 (3000)
Seat 7: lechat20 (3000)
Seat 8: Le Flow (2980)
Seat 9: psychogirls (2990)
*** ANTE/BLINDS ***
blackjack90 posts small blind 15
badboy84 posts big blind 30
Dealt to manggy94 [Kc 4h]
*** PRE-FLOP *** 
vendetta8549 folds
manggy94 calls 30
lechat20 calls 30
Le Flow calls 30
psychogirls calls 30
sleven19 folds
laurics calls 30
blackjack90 folds
badboy84 folds
*** FLOP *** [9s 5h 4d]
manggy94 checks
lechat20 bets 210
Le Flow folds
psychogirls calls 210
laurics folds
manggy94 folds
*** TURN *** [9s 5h 4d][2s]
lechat20 checks
psychogirls checks
*** RIVER *** [9s 5h 4d 2s][2c]
lechat20 checks
psychogirls checks
*** SHOW DOWN ***
psychogirls shows [7s 8s] (One pair : 2)
lechat20 shows [5d Ah] (Two pairs : 5 and 2)
lechat20 collected 615 from pot
*** SUMMARY ***
Total pot 615 | No rake
Board: [9s 5h 4d 2s 2c]
Seat 7: lechat20 showed [5d Ah] and won 615 with Two pairs : 5 and 2
Seat 9: psychogirls showed [7s 8s] and lost with One pair : 2


Winamax Poker - Tournament "Freeroll" buyIn: Free level: 1 - HandId: #545829122857763153-3-1440440380 - Holdem no limit (15/30) - 2015/08/24 18:19:40 UTC
Table: 'Freeroll(127085746)#0336' 9-max (real money) Seat #3 is the button
Seat 1: sleven19 (3000)
Seat 2: laurics (3010)
Seat 3: blackjack90 (2965)
Seat 4: badboy84 (2970)
Seat 5: vendetta8549 (3000)
Seat 6: manggy94 (2970)
Seat 7: lechat20 (3375)
Seat 8: Le Flow (2950)
Seat 9: psychogirls (2750)
*** ANTE/BLINDS ***
badboy84 posts small blind 15
vendetta8549 posts big blind 30
Dealt to manggy94 [6d 5h]
*** PRE-FLOP *** 
manggy94 folds
lechat20 folds
Le Flow folds
psychogirls folds
sleven19 raises 2970 to 3000 and is all-in
laurics folds
blackjack90 folds
badboy84 folds
vendetta8549 folds
sleven19 collected 3045 from pot
*** SUMMARY ***
Total pot 3045 | No rake
Seat 1: sleven19 won 3045


Winamax Poker - Tournament "Freeroll" buyIn: Free level: 1 - HandId: #545829122857763153-4-1440440439 - Holdem no limit (15/30) - 2015/08/24 18:20:39 UTC
Table: 'Freeroll(127085746)#0336' 9-max (real money) Seat #4 is the button
Seat 1: sleven19 (3045)
Seat 2: laurics (3010)
Seat 3: blackjack90 (2965)
Seat 4: badboy84 (2955)
Seat 5: vendetta8549 (2970)
Seat 6: manggy94 (2970)
Seat 7: lechat20 (3375)
Seat 8: Le Flow (2950)
Seat 9: psychogirls (2750)
*** ANTE/BLINDS ***
vendetta8549 posts small blind 15
manggy94 posts big blind 30
Dealt to manggy94 [3h Tc]
*** PRE-FLOP *** 
lechat20 folds
Le Flow folds
psychogirls folds
sleven19 folds
laurics calls 30
blackjack90 raises 2935 to 2965 and is all-in
badboy84 folds
vendetta8549 folds
manggy94 folds
laurics folds
blackjack90 collected 3040 from pot
*** SUMMARY ***
Total pot 3040 | No rake
Seat 3: blackjack90 won 3040


Winamax Poker - Tournament "Freeroll" buyIn: Free level: 2 - HandId: #545829122857763153-5-1440440492 - Holdem no limit (20/40) - 2015/08/24 18:21:32 UTC
Table: 'Freeroll(127085746)#0336' 9-max (real money) Seat #5 is the button
Seat 1: sleven19 (3045)
Seat 2: laurics (2980)
Seat 3: blackjack90 (3040)
Seat 4: badboy84 (2955)
Seat 5: vendetta8549 (2955)
Seat 6: manggy94 (2940)
Seat 7: lechat20 (3375)
Seat 8: Le Flow (2950)
Seat 9: psychogirls (2750)
*** ANTE/BLINDS ***
manggy94 posts small blind 20
lechat20 posts big blind 40
Dealt to manggy94 [9s 4c]
*** PRE-FLOP *** 
Le Flow calls 40
psychogirls folds
sleven19 raises 3005 to 3045 and is all-in
laurics folds
blackjack90 folds
badboy84 folds
vendetta8549 folds
manggy94 folds
lechat20 folds
Le Flow calls 2910 and is all-in
*** FLOP *** [8c Qs 7d]
*** TURN *** [8c Qs 7d][As]
*** RIVER *** [8c Qs 7d As][3s]
*** SHOW DOWN ***
Le Flow shows [Jc Kh] (High card : Ace)
sleven19 shows [Ac 6h] (One pair : Aces)
sleven19 collected 6055 from pot
*** SUMMARY ***
Total pot 6055 | No rake
Board: [8c Qs 7d As 3s]
Seat 1: sleven19 showed [Ac 6h] and won 6055 with One pair : Aces
Seat 8: Le Flow showed [Jc Kh] and lost with High card : Ace


Winamax Poker - Tournament "Freeroll" buyIn: Free level: 2 - HandId: #545829122857763153-6-1440440546 - Holdem no limit (20/40) - 2015/08/24 18:22:26 UTC
Table: 'Freeroll(127085746)#0336' 9-max (real money) Seat #6 is the button
Seat 1: sleven19 (6055)
Seat 2: laurics (2980)
Seat 3: blackjack90 (3040)
Seat 4: badboy84 (2955)
Seat 5: vendetta8549 (2955)
Seat 6: manggy94 (2920)
Seat 7: lechat20 (3335)
Seat 8: Franki27400 (3000)
Seat 9: psychogirls (2750)
*** ANTE/BLINDS ***
lechat20 posts small blind 20
Franki27400 posts big blind 40
Dealt to manggy94 [6h Jd]
*** PRE-FLOP *** 
psychogirls calls 40
sleven19 raises 60 to 100
laurics folds
blackjack90 raises 2940 to 3040 and is all-in
badboy84 folds
vendetta8549 folds
manggy94 folds
lechat20 folds
Franki27400 folds
psychogirls calls 2710 and is all-in
sleven19 calls 2940
*** FLOP *** [2c Ts 3s]
*** TURN *** [2c Ts 3s][6d]
*** RIVER *** [2c Ts 3s 6d][Ah]
*** SHOW DOWN ***
blackjack90 shows [Kc Jc] (High card : Ace)
psychogirls shows [Qh Kh] (High card : Ace)
sleven19 shows [Qc Ks] (High card : Ace)
sleven19 collected 4735 from side pot 1
psychogirls collected 4155 from main pot
*** SUMMARY ***
Total pot 8890 | No rake
Board: [2c Ts 3s 6d Ah]
Seat 1: sleven19 showed [Qc Ks] and won 4735 with High card : Ace
Seat 3: blackjack90 showed [Kc Jc] and lost with High card : Ace
Seat 9: psychogirls showed [Qh Kh] and won 4155 with High card : Ace


Winamax Poker - Tournament "Freeroll" buyIn: Free level: 2 - HandId: #545829122857763153-7-1440440583 - Holdem no limit (20/40) - 2015/08/24 18:23:03 UTC
Table: 'Freeroll(127085746)#0336' 9-max (real money) Seat #7 is the button
Seat 1: sleven19 (7750)
Seat 2: laurics (2980)
Seat 3: shermanclump (3220)
Seat 4: badboy84 (2955)
Seat 5: vendetta8549 (2955)
Seat 6: manggy94 (2920)
Seat 7: lechat20 (3315)
Seat 8: Franki27400 (2960)
Seat 9: psychogirls (4155)
*** ANTE/BLINDS ***
Franki27400 posts small blind 20
psychogirls posts big blind 40
Dealt to manggy94 [8s Kc]
*** PRE-FLOP *** 
sleven19 calls 40
laurics raises 2940 to 2980 and is all-in
shermanclump calls 2980
badboy84 folds
vendetta8549 folds
manggy94 folds
lechat20 folds
Franki27400 folds
psychogirls folds
sleven19 folds
*** FLOP *** [2s 5c Ac]
*** TURN *** [2s 5c Ac][Qh]
*** RIVER *** [2s 5c Ac Qh][6s]
*** SHOW DOWN ***
shermanclump shows [7d 7s] (One pair : 7)
laurics shows [Ad Ts] (One pair : Aces)
laurics collected 6060 from pot
*** SUMMARY ***
Total pot 6060 | No rake
Board: [2s 5c Ac Qh 6s]
Seat 2: laurics showed [Ad Ts] and won 6060 with One pair : Aces
Seat 3: shermanclump showed [7d 7s] and lost with One pair : 7


Winamax Poker - Tournament "Freeroll" buyIn: Free level: 2 - HandId: #545829122857763153-8-1440440629 - Holdem no limit (20/40) - 2015/08/24 18:23:49 UTC
Table: 'Freeroll(127085746)#0336' 9-max (real money) Seat #8 is the button
Seat 1: sleven19 (7710)
Seat 2: laurics (6060)
Seat 3: shermanclump (240)
Seat 4: badboy84 (2955)
Seat 5: vendetta8549 (2955)
Seat 6: manggy94 (2920)
Seat 7: Djaou (3000)
Seat 8: Franki27400 (2940)
Seat 9: psychogirls (4115)
*** ANTE/BLINDS ***
psychogirls posts small blind 20
sleven19 posts big blind 40
Dealt to manggy94 [4c 3c]
*** PRE-FLOP *** 
laurics folds
shermanclump raises 200 to 240 and is all-in
badboy84 calls 240
vendetta8549 folds
manggy94 calls 240
Djaou folds
Franki27400 calls 240
psychogirls folds
sleven19 folds
*** FLOP *** [5s 6h 2s]
badboy84 checks
manggy94 bets 2680 and is all-in
Franki27400 calls 2680
badboy84 folds
*** TURN *** [5s 6h 2s][Kc]
*** RIVER *** [5s 6h 2s Kc][2c]
*** SHOW DOWN ***
shermanclump shows [Js 4d] (One pair : 2)
Franki27400 shows [Ts 9s] (One pair : 2)
manggy94 shows [4c 3c] (Straight 6 high)
manggy94 collected 6380 from pot
*** SUMMARY ***
Total pot 6380 | No rake
Board: [5s 6h 2s Kc 2c]
Seat 3: shermanclump showed [Js 4d] and lost with One pair : 2
Seat 6: manggy94 showed [4c 3c] and won 6380 with Straight 6 high
Seat 8: Franki27400 (button) showed [Ts 9s] and lost with One pair : 2


Winamax Poker - Tournament "Freeroll" buyIn: Free level: 3 - HandId: #545829122857763153-9-1440440688 - Holdem no limit (30/60) - 2015/08/24 18:24:48 UTC
Table: 'Freeroll(127085746)#0336' 9-max (real money) Seat #9 is the button
Seat 1: sleven19 (7670)
Seat 2: laurics (6060)
Seat 3: anonymous70 (2960)
Seat 4: badboy84 (2715)
Seat 5: vendetta8549 (2955)
Seat 6: manggy94 (6380)
Seat 7: Djaou (3000)
Seat 8: Franki27400 (20)
Seat 9: psychogirls (4095)
*** ANTE/BLINDS ***
sleven19 posts small blind 30
laurics posts big blind 60
Dealt to manggy94 [6h 3c]
*** PRE-FLOP *** 
anonymous70 folds
badboy84 calls 60
vendetta8549 folds
manggy94 folds
Djaou folds
Franki27400 calls 20 and is all-in
psychogirls folds
sleven19 folds
laurics checks
*** FLOP *** [9s 9d Jc]
laurics checks
badboy84 checks
*** TURN *** [9s 9d Jc][Th]
laurics checks
badboy84 checks
*** RIVER *** [9s 9d Jc Th][4h]
laurics checks
badboy84 checks
*** SHOW DOWN ***
Franki27400 shows [8h 4d] (Two pairs : 9 and 4)
laurics shows [4s 7d] (Two pairs : 9 and 4)
badboy84 shows [4c 6c] (Two pairs : 9 and 4)
badboy84 collected 72 from side pot 1
laurics collected 72 from side pot 1
Franki27400 collected 26 from main pot
*** SUMMARY ***
Total pot 170 | No rake
Board: [9s 9d Jc Th 4h]
Seat 2: laurics (big blind) showed [4s 7d] and won 72 with Two pairs : 9 and 4
Seat 4: badboy84 showed [4c 6c] and won 72 with Two pairs : 9 and 4
Seat 8: Franki27400 showed [8h 4d] and won 26 with Two pairs : 9 and 4


Winamax Poker - Tournament "Freeroll" buyIn: Free level: 3 - HandId: #545829122857763348-10-1440440744 - Holdem no limit (30/60) - 2015/08/24 18:25:44 UTC
Table: 'Freeroll(127085746)#0531' 9-max (real money) Seat #5 is the button
Seat 1: Lauro (2950)
Seat 2: tucsy57 (2660)
Seat 3: salegosse89 (2940)
Seat 4: Seigneur29 (2940)
Seat 5: marc113 (4320)
Seat 6: manggy94 (6380)
Seat 7: florian31830 (5790)
Seat 8: caroline1235 (2910)
Seat 9: jcbot31280 (3000)
*** ANTE/BLINDS ***
florian31830 posts big blind 60
*** PRE-FLOP *** 
caroline1235 calls 60
jcbot31280 folds
Lauro folds
tucsy57 calls 60
salegosse89 folds
Seigneur29 folds
marc113 calls 60
florian31830 checks
*** FLOP *** [5c Jd Tc]
florian31830 checks
caroline1235 checks
tucsy57 bets 120
marc113 calls 120
florian31830 folds
caroline1235 calls 120
*** TURN *** [5c Jd Tc][8c]
caroline1235 checks
tucsy57 bets 2480 and is all-in
marc113 folds
caroline1235 folds
tucsy57 collected 3080 from pot
*** SUMMARY ***
Total pot 3080 | No rake
Board: [5c Jd Tc 8c]
Seat 2: tucsy57 won 3080


Winamax Poker - Tournament "Freeroll" buyIn: Free level: 3 - HandId: #545829122857763348-11-1440440785 - Holdem no limit (30/60) - 2015/08/24 18:26:25 UTC
Table: 'Freeroll(127085746)#0531' 9-max (real money) Seat #6 is the button
Seat 1: Lauro (2950)
Seat 2: tucsy57 (3080)
Seat 3: salegosse89 (2940)
Seat 4: Seigneur29 (2940)
Seat 5: marc113 (4140)
Seat 6: manggy94 (6380)
Seat 7: florian31830 (5730)
Seat 8: caroline1235 (2730)
Seat 9: jcbot31280 (3000)
*** ANTE/BLINDS ***
florian31830 posts small blind 30
caroline1235 posts big blind 60
*** PRE-FLOP *** 
jcbot31280 folds
Lauro folds
tucsy57 calls 60
salegosse89 folds
Seigneur29 folds
marc113 folds
florian31830 folds
caroline1235 checks
*** FLOP *** [9d Jd 2d]
caroline1235 checks
tucsy57 checks
*** TURN *** [9d Jd 2d][Td]
caroline1235 checks
tucsy57 bets 210
caroline1235 folds
tucsy57 collected 360 from pot
*** SUMMARY ***
Total pot 360 | No rake
Board: [9d Jd 2d Td]
Seat 2: tucsy57 won 360


Winamax Poker - Tournament "Freeroll" buyIn: Free level: 3 - HandId: #545829122857763348-12-1440440826 - Holdem no limit (30/60) - 2015/08/24 18:27:06 UTC
Table: 'Freeroll(127085746)#0531' 9-max (real money) Seat #7 is the button
Seat 1: Lauro (2950)
Seat 2: tucsy57 (3170)
Seat 3: salegosse89 (2940)
Seat 4: Seigneur29 (2940)
Seat 5: marc113 (4140)
Seat 6: manggy94 (6380)
Seat 7: Swiffer67 (3000)
Seat 8: caroline1235 (2670)
Seat 9: jcbot31280 (3000)
*** ANTE/BLINDS ***
caroline1235 posts small blind 30
jcbot31280 posts big blind 60
*** PRE-FLOP *** 
Lauro folds
tucsy57 folds
salegosse89 folds
Seigneur29 folds
marc113 calls 60
caroline1235 calls 30
jcbot31280 folds
*** FLOP *** [4c 5d 3s]
caroline1235 checks
marc113 bets 150
caroline1235 folds
marc113 collected 330 from pot
*** SUMMARY ***
Total pot 330 | No rake
Board: [4c 5d 3s]
Seat 5: marc113 won 330


Winamax Poker - Tournament "Freeroll" buyIn: Free level: 4 - HandId: #545829122857763348-13-1440440852 - Holdem no limit (40/80) - 2015/08/24 18:27:32 UTC
Table: 'Freeroll(127085746)#0531' 9-max (real money) Seat #8 is the button
Seat 1: Lauro (2950)
Seat 2: tucsy57 (3170)
Seat 3: salegosse89 (2940)
Seat 4: Seigneur29 (2940)
Seat 5: marc113 (4260)
Seat 6: manggy94 (6380)
Seat 7: Swiffer67 (3000)
Seat 8: caroline1235 (2610)
Seat 9: jcbot31280 (2940)
*** ANTE/BLINDS ***
jcbot31280 posts small blind 40
Lauro posts big blind 80
Dealt to manggy94 [Qs Qd]
*** PRE-FLOP *** 
tucsy57 folds
salegosse89 folds
Seigneur29 folds
marc113 calls 80
manggy94 raises 280 to 360
Swiffer67 folds
caroline1235 folds
jcbot31280 folds
Lauro folds
marc113 calls 280
*** FLOP *** [6d 6c 5s]
marc113 checks
manggy94 bets 840
marc113 folds
manggy94 collected 1680 from pot
*** SUMMARY ***
Total pot 1680 | No rake
Board: [6d 6c 5s]
Seat 6: manggy94 won 1680


Winamax Poker - Tournament "Freeroll" buyIn: Free level: 4 - HandId: #545829122857763348-14-1440440879 - Holdem no limit (40/80) - 2015/08/24 18:27:59 UTC
Table: 'Freeroll(127085746)#0531' 9-max (real money) Seat #9 is the button
Seat 1: Lauro (2870)
Seat 2: tucsy57 (3170)
Seat 3: salegosse89 (2940)
Seat 4: Seigneur29 (2940)
Seat 5: marc113 (3900)
Seat 6: manggy94 (6860)
Seat 7: Swiffer67 (3000)
Seat 8: caroline1235 (2610)
Seat 9: jcbot31280 (2900)
*** ANTE/BLINDS ***
Lauro posts small blind 40
tucsy57 posts big blind 80
Dealt to manggy94 [Qs 5c]
*** PRE-FLOP *** 
salegosse89 folds
Seigneur29 folds
marc113 calls 80
manggy94 folds
Swiffer67 folds
caroline1235 folds
jcbot31280 folds
Lauro raises 240 to 320
tucsy57 folds
marc113 calls 240
*** FLOP *** [2d 9s As]
Lauro bets 360
marc113 calls 360
*** TURN *** [2d 9s As][6h]
Lauro checks
marc113 bets 360
Lauro folds
marc113 collected 1800 from pot
*** SUMMARY ***
Total pot 1800 | No rake
Board: [2d 9s As 6h]
Seat 5: marc113 won 1800


Winamax Poker - Tournament "Freeroll" buyIn: Free level: 4 - HandId: #545829122857763348-15-1440440925 - Holdem no limit (40/80) - 2015/08/24 18:28:45 UTC
Table: 'Freeroll(127085746)#0531' 9-max (real money) Seat #1 is the button
Seat 1: Lauro (2190)
Seat 2: tucsy57 (3090)
Seat 3: salegosse89 (2940)
Seat 4: Seigneur29 (2940)
Seat 5: marc113 (4660)
Seat 6: manggy94 (6860)
Seat 7: Swiffer67 (3000)
Seat 8: caroline1235 (2610)
Seat 9: jcbot31280 (2900)
*** ANTE/BLINDS ***
tucsy57 posts small blind 40
salegosse89 posts big blind 80
Dealt to manggy94 [Ts 3d]
*** PRE-FLOP *** 
Seigneur29 folds
marc113 calls 80
manggy94 folds
Swiffer67 folds
caroline1235 folds
jcbot31280 folds
Lauro raises 320 to 400
tucsy57 folds
salegosse89 folds
marc113 calls 320
*** FLOP *** [Jc 2s 9c]
marc113 checks
Lauro bets 1790 and is all-in
marc113 folds
Lauro collected 2710 from pot
*** SUMMARY ***
Total pot 2710 | No rake
Board: [Jc 2s 9c]
Seat 1: Lauro (button) won 2710


Winamax Poker - Tournament "Freeroll" buyIn: Free level: 4 - HandId: #545829122857763348-16-1440440957 - Holdem no limit (40/80) - 2015/08/24 18:29:17 UTC
Table: 'Freeroll(127085746)#0531' 9-max (real money) Seat #2 is the button
Seat 1: Lauro (2710)
Seat 2: tucsy57 (3050)
Seat 3: salegosse89 (2860)
Seat 4: Seigneur29 (2940)
Seat 5: marc113 (4260)
Seat 6: manggy94 (6860)
Seat 7: nache29 (3680)
Seat 8: caroline1235 (2610)
Seat 9: jcbot31280 (2900)
*** ANTE/BLINDS ***
salegosse89 posts small blind 40
Seigneur29 posts big blind 80
Dealt to manggy94 [7h 2d]
*** PRE-FLOP *** 
marc113 calls 80
manggy94 folds
nache29 calls 80
caroline1235 calls 80
jcbot31280 folds
Lauro folds
tucsy57 calls 80
salegosse89 folds
Seigneur29 folds
*** FLOP *** [5h 8c 9d]
marc113 bets 160
nache29 calls 160
caroline1235 raises 160 to 320
tucsy57 folds
marc113 calls 160
nache29 calls 160
*** TURN *** [5h 8c 9d][6s]
marc113 checks
nache29 checks
caroline1235 bets 320
marc113 calls 320
nache29 folds
*** RIVER *** [5h 8c 9d 6s][4d]
marc113 checks
caroline1235 checks
*** SHOW DOWN ***
marc113 shows [Ts Jd] (High card : Jack)
caroline1235 shows [5c 5s] (Trips of 5)
caroline1235 collected 2040 from pot
*** SUMMARY ***
Total pot 2040 | No rake
Board: [5h 8c 9d 6s 4d]
Seat 5: marc113 showed [Ts Jd] and lost with High card : Jack
Seat 8: caroline1235 showed [5c 5s] and won 2040 with Trips of 5


Winamax Poker - Tournament "Freeroll" buyIn: Free level: 4 - HandId: #545829122857763348-17-1440441022 - Holdem no limit (40/80) - 2015/08/24 18:30:22 UTC
Table: 'Freeroll(127085746)#0531' 9-max (real money) Seat #3 is the button
Seat 1: Lauro (2710)
Seat 2: tucsy57 (2970)
Seat 3: salegosse89 (2820)
Seat 4: Seigneur29 (2860)
Seat 5: marc113 (3540)
Seat 6: manggy94 (6860)
Seat 7: nache29 (3280)
Seat 8: caroline1235 (3930)
Seat 9: jcbot31280 (2900)
*** ANTE/BLINDS ***
Seigneur29 posts small blind 40
marc113 posts big blind 80
Dealt to manggy94 [Ad Ks]
*** PRE-FLOP *** 
manggy94 calls 80
nache29 folds
caroline1235 folds
jcbot31280 folds
Lauro folds
tucsy57 calls 80
salegosse89 folds
Seigneur29 folds
marc113 checks
*** FLOP *** [6d 2d 4d]
marc113 checks
manggy94 checks
tucsy57 bets 2890 and is all-in
marc113 folds
manggy94 folds
tucsy57 collected 3170 from pot
*** SUMMARY ***
Total pot 3170 | No rake
Board: [6d 2d 4d]
Seat 2: tucsy57 won 3170


Winamax Poker - Tournament "Freeroll" buyIn: Free level: 5 - HandId: #545829122857763348-18-1440441053 - Holdem no limit (60/120) - 2015/08/24 18:30:53 UTC
Table: 'Freeroll(127085746)#0531' 9-max (real money) Seat #4 is the button
Seat 1: Lauro (2710)
Seat 2: tucsy57 (3170)
Seat 3: salegosse89 (2820)
Seat 4: Seigneur29 (2820)
Seat 5: geronimo2003 (3673)
Seat 6: manggy94 (6780)
Seat 7: nache29 (3280)
Seat 8: caroline1235 (3930)
Seat 9: jcbot31280 (2900)
*** ANTE/BLINDS ***
manggy94 posts big blind 120
Dealt to manggy94 [2h 5s]
*** PRE-FLOP *** 
nache29 folds
caroline1235 folds
jcbot31280 folds
Lauro folds
tucsy57 folds
salegosse89 folds
Seigneur29 folds
manggy94 collected 120 from pot
*** SUMMARY ***
Total pot 120 | No rake
Seat 6: manggy94 (big blind) won 120


Winamax Poker - Tournament "Freeroll" buyIn: Free level: 5 - HandId: #545829122857763348-19-1440441065 - Holdem no limit (60/120) - 2015/08/24 18:31:05 UTC
Table: 'Freeroll(127085746)#0531' 9-max (real money) Seat #5 is the button
Seat 1: Lauro (2710)
Seat 2: tucsy57 (3170)
Seat 3: salegosse89 (2820)
Seat 4: Seigneur29 (2820)
Seat 5: geronimo2003 (3673)
Seat 6: manggy94 (6780)
Seat 7: nache29 (3280)
Seat 8: caroline1235 (3930)
Seat 9: jcbot31280 (2900)
*** ANTE/BLINDS ***
manggy94 posts small blind 60
nache29 posts big blind 120
Dealt to manggy94 [As 7h]
*** PRE-FLOP *** 
caroline1235 folds
jcbot31280 folds
Lauro folds
tucsy57 folds
salegosse89 folds
Seigneur29 folds
manggy94 calls 60
nache29 checks
*** FLOP *** [Ts Qs 7d]
manggy94 checks
nache29 checks
*** TURN *** [Ts Qs 7d][4d]
manggy94 bets 240
nache29 folds
manggy94 collected 480 from pot
*** SUMMARY ***
Total pot 480 | No rake
Board: [Ts Qs 7d 4d]
Seat 6: manggy94 (small blind) won 480


Winamax Poker - Tournament "Freeroll" buyIn: Free level: 5 - HandId: #545829122857763348-20-1440441089 - Holdem no limit (60/120) - 2015/08/24 18:31:29 UTC
Table: 'Freeroll(127085746)#0531' 9-max (real money) Seat #6 is the button
Seat 1: Lauro (2710)
Seat 2: tucsy57 (3170)
Seat 3: salegosse89 (2820)
Seat 4: Kwiqq (2820)
Seat 5: geronimo2003 (3673)
Seat 6: manggy94 (6900)
Seat 7: nache29 (3160)
Seat 8: caroline1235 (3930)
Seat 9: jcbot31280 (2900)
*** ANTE/BLINDS ***
nache29 posts small blind 60
caroline1235 posts big blind 120
Dealt to manggy94 [Ts Tc]
*** PRE-FLOP *** 
jcbot31280 folds
Lauro folds
tucsy57 calls 120
salegosse89 folds
Kwiqq folds
geronimo2003 calls 120
manggy94 raises 540 to 660
nache29 folds
caroline1235 folds
tucsy57 calls 540
geronimo2003 folds
*** FLOP *** [2s 8h As]
tucsy57 bets 2510 and is all-in
manggy94 folds
tucsy57 collected 4130 from pot
*** SUMMARY ***
Total pot 4130 | No rake
Board: [2s 8h As]
Seat 2: tucsy57 won 4130


Winamax Poker - Tournament "Freeroll" buyIn: Free level: 5 - HandId: #545829122857763348-21-1440441124 - Holdem no limit (60/120) - 2015/08/24 18:32:04 UTC
Table: 'Freeroll(127085746)#0531' 9-max (real money) Seat #7 is the button
Seat 1: Lauro (2710)
Seat 2: tucsy57 (4130)
Seat 3: virus35 (2890)
Seat 4: Kwiqq (2820)
Seat 5: geronimo2003 (3553)
Seat 6: manggy94 (6240)
Seat 7: nache29 (3100)
Seat 8: caroline1235 (3810)
Seat 9: jcbot31280 (2900)
*** ANTE/BLINDS ***
caroline1235 posts small blind 60
jcbot31280 posts big blind 120
Dealt to manggy94 [Jd 7s]
*** PRE-FLOP *** 
Lauro raises 120 to 240
tucsy57 calls 240
virus35 folds
Kwiqq folds
geronimo2003 calls 240
manggy94 folds
nache29 folds
caroline1235 calls 180
jcbot31280 folds
*** FLOP *** [2d 6h 7h]
caroline1235 checks
Lauro bets 2470 and is all-in
tucsy57 folds
geronimo2003 folds
caroline1235 folds
Lauro collected 3550 from pot
*** SUMMARY ***
Total pot 3550 | No rake
Board: [2d 6h 7h]
Seat 1: Lauro won 3550


Winamax Poker - Tournament "Freeroll" buyIn: Free level: 6 - HandId: #545829122857763348-22-1440441261 - Holdem no limit (10/60/120) - 2015/08/24 18:34:21 UTC
Table: 'Freeroll(127085746)#0531' 9-max (real money) Seat #8 is the button
Seat 1: Lauro (3550)
Seat 2: badboy84 (7961)
Seat 3: virus35 (2890)
Seat 4: Kwiqq (2820)
Seat 5: geronimo2003 (3313)
Seat 6: manggy94 (6240)
Seat 7: nache29 (3100)
Seat 8: caroline1235 (3570)
Seat 9: jcbot31280 (2780)
*** ANTE/BLINDS ***
jcbot31280 posts ante 10
Lauro posts ante 10
badboy84 posts ante 10
virus35 posts ante 10
Kwiqq posts ante 10
geronimo2003 posts ante 10
manggy94 posts ante 10
nache29 posts ante 10
caroline1235 posts ante 10
jcbot31280 posts small blind 60
Lauro posts big blind 120
Dealt to manggy94 [2d 4d]
*** PRE-FLOP *** 
badboy84 folds
virus35 folds
Kwiqq folds
geronimo2003 calls 120
manggy94 calls 120
nache29 calls 120
caroline1235 folds
jcbot31280 folds
Lauro checks
*** FLOP *** [Ks 7c Ad]
Lauro checks
geronimo2003 bets 120
manggy94 folds
nache29 folds
Lauro raises 3300 to 3420 and is all-in
geronimo2003 folds
Lauro collected 4170 from pot
*** SUMMARY ***
Total pot 4170 | No rake
Board: [Ks 7c Ad]
Seat 1: Lauro (big blind) won 4170


Winamax Poker - Tournament "Freeroll" buyIn: Free level: 6 - HandId: #545829122857763348-23-1440441325 - Holdem no limit (10/60/120) - 2015/08/24 18:35:25 UTC
Table: 'Freeroll(127085746)#0531' 9-max (real money) Seat #9 is the button
Seat 1: Lorenzi75015 (13105)
Seat 2: badboy84 (7951)
Seat 3: virus35 (2880)
Seat 4: Kwiqq (2810)
Seat 5: geronimo2003 (3063)
Seat 6: manggy94 (6110)
Seat 7: nache29 (2970)
Seat 8: caroline1235 (3560)
Seat 9: jcbot31280 (2710)
*** ANTE/BLINDS ***
badboy84 posts ante 10
virus35 posts ante 10
Kwiqq posts ante 10
geronimo2003 posts ante 10
manggy94 posts ante 10
nache29 posts ante 10
caroline1235 posts ante 10
jcbot31280 posts ante 10
badboy84 posts big blind 120
Dealt to manggy94 [9s Qc]
*** PRE-FLOP *** 
virus35 folds
Kwiqq folds
geronimo2003 folds
manggy94 calls 120
nache29 folds
caroline1235 folds
jcbot31280 folds
badboy84 checks
*** FLOP *** [4d Ts 6d]
badboy84 bets 120
manggy94 folds
badboy84 collected 440 from pot
*** SUMMARY ***
Total pot 440 | No rake
Board: [4d Ts 6d]
Seat 2: badboy84 (big blind) won 440


Winamax Poker - Tournament "Freeroll" buyIn: Free level: 6 - HandId: #545829122857763348-24-1440441373 - Holdem no limit (10/60/120) - 2015/08/24 18:36:13 UTC
Table: 'Freeroll(127085746)#0531' 9-max (real money) Seat #1 is the button
Seat 1: nozprod (3000)
Seat 2: badboy84 (8141)
Seat 3: virus35 (2870)
Seat 4: Kwiqq (2800)
Seat 5: geronimo2003 (3053)
Seat 6: manggy94 (5980)
Seat 7: nache29 (2960)
Seat 8: caroline1235 (3550)
Seat 9: jcbot31280 (2700)
*** ANTE/BLINDS ***
badboy84 posts ante 10
virus35 posts ante 10
Kwiqq posts ante 10
geronimo2003 posts ante 10
manggy94 posts ante 10
nache29 posts ante 10
caroline1235 posts ante 10
jcbot31280 posts ante 10
badboy84 posts small blind 60
virus35 posts big blind 120
Dealt to manggy94 [Th 9c]
*** PRE-FLOP *** 
Kwiqq folds
geronimo2003 folds
manggy94 calls 120
nache29 folds
caroline1235 raises 120 to 240
jcbot31280 folds
badboy84 calls 180
virus35 folds
manggy94 calls 120
*** FLOP *** [Tc Ks 4h]
badboy84 bets 920
manggy94 folds
caroline1235 raises 2380 to 3300 and is all-in
badboy84 calls 2380
*** TURN *** [Tc Ks 4h][5h]
*** RIVER *** [Tc Ks 4h 5h][Kc]
*** SHOW DOWN ***
caroline1235 shows [Ad Ah] (Two pairs : Aces and Kings)
badboy84 shows [Qh Kd] (Trips of Kings)
badboy84 collected 7520 from pot
*** SUMMARY ***
Total pot 7520 | No rake
Board: [Tc Ks 4h 5h Kc]
Seat 2: badboy84 (small blind) showed [Qh Kd] and won 7520 with Trips of Kings
Seat 8: caroline1235 showed [Ad Ah] and lost with Two pairs : Aces and Kings


Winamax Poker - Tournament "Freeroll" buyIn: Free level: 7 - HandId: #545829122857763348-25-1440441427 - Holdem no limit (15/75/150) - 2015/08/24 18:37:07 UTC
Table: 'Freeroll(127085746)#0531' 9-max (real money) Seat #2 is the button
Seat 1: nozprod (3000)
Seat 2: badboy84 (12111)
Seat 3: virus35 (2740)
Seat 4: Kwiqq (2790)
Seat 5: geronimo2003 (3043)
Seat 6: manggy94 (5730)
Seat 7: nache29 (2950)
Seat 8: MissCRICRI16 (5490)
Seat 9: jcbot31280 (2690)
*** ANTE/BLINDS ***
virus35 posts ante 15
Kwiqq posts ante 15
nozprod posts ante 15
badboy84 posts ante 15
geronimo2003 posts ante 15
manggy94 posts ante 15
nache29 posts ante 15
MissCRICRI16 posts ante 15
jcbot31280 posts ante 15
virus35 posts small blind 75
Kwiqq posts big blind 150
Dealt to manggy94 [7d 8s]
*** PRE-FLOP *** 
geronimo2003 folds
manggy94 calls 150
nache29 folds
MissCRICRI16 calls 150
jcbot31280 folds
nozprod folds
badboy84 calls 150
virus35 folds
Kwiqq folds
*** FLOP *** [6c 2d 2h]
manggy94 checks
MissCRICRI16 checks
badboy84 checks
*** TURN *** [6c 2d 2h][Jc]
manggy94 bets 810
MissCRICRI16 folds
badboy84 folds
manggy94 collected 1620 from pot
*** SUMMARY ***
Total pot 1620 | No rake
Board: [6c 2d 2h Jc]
Seat 6: manggy94 won 1620


Winamax Poker - Tournament "Freeroll" buyIn: Free level: 7 - HandId: #545829122857763348-26-1440441486 - Holdem no limit (15/75/150) - 2015/08/24 18:38:06 UTC
Table: 'Freeroll(127085746)#0531' 9-max (real money) Seat #3 is the button
Seat 1: rs171169 (15335)
Seat 2: badboy84 (11946)
Seat 3: virus35 (2650)
Seat 4: Kwiqq (2625)
Seat 5: geronimo2003 (3028)
Seat 6: manggy94 (6375)
Seat 7: nache29 (2935)
Seat 8: MissCRICRI16 (5325)
Seat 9: jcbot31280 (2675)
*** ANTE/BLINDS ***
Kwiqq posts ante 15
geronimo2003 posts ante 15
rs171169 posts ante 15
badboy84 posts ante 15
virus35 posts ante 15
manggy94 posts ante 15
nache29 posts ante 15
MissCRICRI16 posts ante 15
jcbot31280 posts ante 15
Kwiqq posts small blind 75
geronimo2003 posts big blind 150
Dealt to manggy94 [5d 3d]
*** PRE-FLOP *** 
manggy94 calls 150
nache29 folds
MissCRICRI16 folds
jcbot31280 folds
rs171169 folds
badboy84 calls 150
virus35 folds
Kwiqq folds
geronimo2003 checks
*** FLOP *** [2d Th 6h]
geronimo2003 checks
manggy94 checks
badboy84 bets 330
geronimo2003 folds
manggy94 folds
badboy84 collected 990 from pot
*** SUMMARY ***
Total pot 990 | No rake
Board: [2d Th 6h]
Seat 2: badboy84 won 990


Winamax Poker - Tournament "Freeroll" buyIn: Free level: 7 - HandId: #545829122857763348-27-1440441535 - Holdem no limit (15/75/150) - 2015/08/24 18:38:55 UTC
Table: 'Freeroll(127085746)#0531' 9-max (real money) Seat #4 is the button
Seat 1: sundaedu84 (2810)
Seat 2: badboy84 (12441)
Seat 3: virus35 (2635)
Seat 4: Kwiqq (2535)
Seat 5: geronimo2003 (2863)
Seat 6: manggy94 (6210)
Seat 7: nache29 (2920)
Seat 8: MissCRICRI16 (5310)
Seat 9: jcbot31280 (2660)
*** ANTE/BLINDS ***
geronimo2003 posts ante 15
manggy94 posts ante 15
sundaedu84 posts ante 15
badboy84 posts ante 15
virus35 posts ante 15
Kwiqq posts ante 15
nache29 posts ante 15
MissCRICRI16 posts ante 15
jcbot31280 posts ante 15
geronimo2003 posts small blind 75
manggy94 posts big blind 150
Dealt to manggy94 [2c Tc]
*** PRE-FLOP *** 
nache29 folds
MissCRICRI16 folds
jcbot31280 folds
sundaedu84 folds
badboy84 folds
virus35 folds
Kwiqq folds
geronimo2003 folds
manggy94 collected 360 from pot
*** SUMMARY ***
Total pot 360 | No rake
Seat 6: manggy94 (big blind) won 360


Winamax Poker - Tournament "Freeroll" buyIn: Free level: 7 - HandId: #545829122857763348-28-1440441558 - Holdem no limit (15/75/150) - 2015/08/24 18:39:18 UTC
Table: 'Freeroll(127085746)#0531' 9-max (real money) Seat #5 is the button
Seat 1: sundaedu84 (2795)
Seat 2: badboy84 (12426)
Seat 3: virus35 (2620)
Seat 4: Kwiqq (2520)
Seat 5: geronimo2003 (2773)
Seat 6: manggy94 (6405)
Seat 7: nache29 (2905)
Seat 8: Claude.B (6695)
Seat 9: jcbot31280 (2645)
*** ANTE/BLINDS ***
manggy94 posts ante 15
nache29 posts ante 15
sundaedu84 posts ante 15
badboy84 posts ante 15
virus35 posts ante 15
Kwiqq posts ante 15
geronimo2003 posts ante 15
Claude.B posts ante 15
jcbot31280 posts ante 15
manggy94 posts small blind 75
nache29 posts big blind 150
Dealt to manggy94 [9h Qh]
*** PRE-FLOP *** 
Claude.B calls 150
jcbot31280 folds
sundaedu84 folds
badboy84 calls 150
virus35 folds
Kwiqq folds
geronimo2003 calls 150
manggy94 calls 75
nache29 checks
*** FLOP *** [Td Jh 4d]
manggy94 bets 885
nache29 folds
Claude.B folds
badboy84 folds
geronimo2003 folds
manggy94 collected 1770 from pot
*** SUMMARY ***
Total pot 1770 | No rake
Board: [Td Jh 4d]
Seat 6: manggy94 (small blind) won 1770


Winamax Poker - Tournament "Freeroll" buyIn: Free level: 8 - HandId: #545829122857763348-29-1440441625 - Holdem no limit (20/100/200) - 2015/08/24 18:40:25 UTC
Table: 'Freeroll(127085746)#0531' 9-max (real money) Seat #6 is the button
Seat 1: sundaedu84 (2780)
Seat 2: badboy84 (12261)
Seat 3: virus35 (2605)
Seat 4: Kwiqq (2505)
Seat 5: geronimo2003 (2608)
Seat 6: manggy94 (7125)
Seat 7: nache29 (2740)
Seat 9: jcbot31280 (2630)
*** ANTE/BLINDS ***
nache29 posts ante 20
jcbot31280 posts ante 20
sundaedu84 posts ante 20
badboy84 posts ante 20
virus35 posts ante 20
Kwiqq posts ante 20
geronimo2003 posts ante 20
manggy94 posts ante 20
nache29 posts small blind 100
jcbot31280 posts big blind 200
Dealt to manggy94 [4h Jd]
*** PRE-FLOP *** 
sundaedu84 folds
badboy84 calls 200
virus35 folds
Kwiqq folds
geronimo2003 calls 200
manggy94 folds
nache29 folds
jcbot31280 folds
*** FLOP *** [6d 4d Ac]
badboy84 checks
geronimo2003 checks
*** TURN *** [6d 4d Ac][Qc]
badboy84 bets 430
geronimo2003 folds
badboy84 collected 1290 from pot
*** SUMMARY ***
Total pot 1290 | No rake
Board: [6d 4d Ac Qc]
Seat 2: badboy84 won 1290


Winamax Poker - Tournament "Freeroll" buyIn: Free level: 8 - HandId: #545829122857763348-30-1440441673 - Holdem no limit (20/100/200) - 2015/08/24 18:41:13 UTC
Table: 'Freeroll(127085746)#0531' 9-max (real money) Seat #7 is the button
Seat 1: sundaedu84 (2760)
Seat 2: badboy84 (12901)
Seat 3: virus35 (2585)
Seat 4: Kwiqq (2485)
Seat 5: geronimo2003 (2388)
Seat 6: manggy94 (7105)
Seat 7: nache29 (2620)
Seat 8: kiki4953 (2495)
Seat 9: jcbot31280 (2410)
*** ANTE/BLINDS ***
jcbot31280 posts ante 20
sundaedu84 posts ante 20
badboy84 posts ante 20
virus35 posts ante 20
Kwiqq posts ante 20
geronimo2003 posts ante 20
manggy94 posts ante 20
nache29 posts ante 20
jcbot31280 posts small blind 100
sundaedu84 posts big blind 200
Dealt to manggy94 [5s Qh]
*** PRE-FLOP *** 
badboy84 folds
virus35 folds
Kwiqq folds
geronimo2003 calls 200
manggy94 calls 200
nache29 folds
jcbot31280 folds
sundaedu84 folds
*** FLOP *** [Td 4d 7s]
geronimo2003 checks
manggy94 checks
*** TURN *** [Td 4d 7s][Qs]
geronimo2003 checks
manggy94 bets 860
geronimo2003 folds
manggy94 collected 1720 from pot
*** SUMMARY ***
Total pot 1720 | No rake
Board: [Td 4d 7s Qs]
Seat 6: manggy94 won 1720


Winamax Poker - Tournament "Freeroll" buyIn: Free level: 8 - HandId: #545829122857763348-31-1440441715 - Holdem no limit (20/100/200) - 2015/08/24 18:41:55 UTC
Table: 'Freeroll(127085746)#0531' 9-max (real money) Seat #9 is the button
Seat 1: sundaedu84 (2540)
Seat 2: badboy84 (12881)
Seat 3: virus35 (2565)
Seat 4: Kwiqq (2465)
Seat 5: geronimo2003 (2168)
Seat 6: manggy94 (7745)
Seat 7: nache29 (2600)
Seat 8: kiki4953 (2495)
Seat 9: jcbot31280 (2290)
*** ANTE/BLINDS ***
sundaedu84 posts ante 20
badboy84 posts ante 20
virus35 posts ante 20
Kwiqq posts ante 20
geronimo2003 posts ante 20
manggy94 posts ante 20
nache29 posts ante 20
kiki4953 posts ante 20
jcbot31280 posts ante 20
sundaedu84 posts small blind 100
badboy84 posts big blind 200
Dealt to manggy94 [4h 7h]
*** PRE-FLOP *** 
virus35 folds
Kwiqq folds
geronimo2003 folds
manggy94 calls 200
nache29 folds
kiki4953 folds
jcbot31280 folds
sundaedu84 folds
badboy84 checks
*** FLOP *** [Kc Js 8d]
badboy84 bets 200
manggy94 calls 200
*** TURN *** [Kc Js 8d][6c]
badboy84 bets 200
manggy94 calls 200
*** RIVER *** [Kc Js 8d 6c][4s]
badboy84 bets 1480
manggy94 folds
badboy84 collected 2960 from pot
*** SUMMARY ***
Total pot 2960 | No rake
Board: [Kc Js 8d 6c 4s]
Seat 2: badboy84 (big blind) won 2960


Winamax Poker - Tournament "Freeroll" buyIn: Free level: 8 - HandId: #545829122857763348-32-1440441742 - Holdem no limit (20/100/200) - 2015/08/24 18:42:22 UTC
Table: 'Freeroll(127085746)#0531' 9-max (real money) Seat #1 is the button
Seat 1: sundaedu84 (2420)
Seat 2: badboy84 (13741)
Seat 3: virus35 (2545)
Seat 4: Kwiqq (2445)
Seat 5: geronimo2003 (2148)
Seat 6: manggy94 (7125)
Seat 7: nache29 (2580)
Seat 8: kiki4953 (2475)
Seat 9: jcbot31280 (2270)
*** ANTE/BLINDS ***
badboy84 posts ante 20
virus35 posts ante 20
sundaedu84 posts ante 20
Kwiqq posts ante 20
geronimo2003 posts ante 20
manggy94 posts ante 20
nache29 posts ante 20
kiki4953 posts ante 20
jcbot31280 posts ante 20
badboy84 posts small blind 100
virus35 posts big blind 200
Dealt to manggy94 [4h 5s]
*** PRE-FLOP *** 
Kwiqq folds
geronimo2003 folds
manggy94 folds
nache29 raises 2360 to 2560 and is all-in
kiki4953 calls 2455 and is all-in
jcbot31280 folds
sundaedu84 folds
badboy84 folds
virus35 folds
*** FLOP *** [3s 3h 7h]
*** TURN *** [3s 3h 7h][3c]
*** RIVER *** [3s 3h 7h 3c][6h]
*** SHOW DOWN ***
kiki4953 shows [5c 5h] (Full of 3 and 5)
nache29 shows [Td Kd] (Trips of 3)
nache29 collected 105 from side pot 1
kiki4953 collected 5390 from main pot
*** SUMMARY ***
Total pot 5495 | No rake
Board: [3s 3h 7h 3c 6h]
Seat 7: nache29 showed [Td Kd] and won 105 with Trips of 3
Seat 8: kiki4953 showed [5c 5h] and won 5390 with Full of 3 and 5


Winamax Poker - Tournament "Freeroll" buyIn: Free level: 9 - HandId: #545829122857763348-33-1440441777 - Holdem no limit (25/125/250) - 2015/08/24 18:42:57 UTC
Table: 'Freeroll(127085746)#0531' 9-max (real money) Seat #2 is the button
Seat 1: sundaedu84 (2400)
Seat 2: Daviani (2490)
Seat 3: virus35 (2325)
Seat 4: Kwiqq (2425)
Seat 5: geronimo2003 (2128)
Seat 6: manggy94 (7105)
Seat 7: nache29 (105)
Seat 8: kiki4953 (5390)
Seat 9: jcbot31280 (2250)
*** ANTE/BLINDS ***
virus35 posts ante 25
Kwiqq posts ante 25
sundaedu84 posts ante 25
geronimo2003 posts ante 25
manggy94 posts ante 25
nache29 posts ante 25
kiki4953 posts ante 25
jcbot31280 posts ante 25
virus35 posts small blind 125
Kwiqq posts big blind 250
Dealt to manggy94 [Ac Jd]
*** PRE-FLOP *** 
geronimo2003 folds
manggy94 calls 250
nache29 calls 80 and is all-in
kiki4953 calls 250
jcbot31280 folds
sundaedu84 folds
virus35 folds
Kwiqq folds
*** FLOP *** [7h Qs 8d]
manggy94 checks
kiki4953 checks
*** TURN *** [7h Qs 8d][5d]
manggy94 bets 250
kiki4953 calls 250
*** RIVER *** [7h Qs 8d 5d][Tc]
manggy94 checks
kiki4953 checks
*** SHOW DOWN ***
manggy94 shows [Ac Jd] (High card : Ace)
nache29 shows [8s 9c] (One pair : 8)
kiki4953 shows [Kc Ah] (High card : Ace)
kiki4953 collected 1055 from side pot 1
nache29 collected 600 from main pot
*** SUMMARY ***
Total pot 1655 | No rake
Board: [7h Qs 8d 5d Tc]
Seat 6: manggy94 showed [Ac Jd] and lost with High card : Ace
Seat 7: nache29 showed [8s 9c] and won 600 with One pair : 8
Seat 8: kiki4953 showed [Kc Ah] and won 1055 with High card : Ace


Winamax Poker - Tournament "Freeroll" buyIn: Free level: 9 - HandId: #545829122857763348-34-1440441841 - Holdem no limit (25/125/250) - 2015/08/24 18:44:01 UTC
Table: 'Freeroll(127085746)#0531' 9-max (real money) Seat #3 is the button
Seat 1: sundaedu84 (2375)
Seat 2: Daviani (2490)
Seat 3: virus35 (2175)
Seat 4: Kwiqq (2150)
Seat 5: geronimo2003 (2103)
Seat 6: manggy94 (6580)
Seat 7: nache29 (600)
Seat 8: kiki4953 (5920)
Seat 9: jcbot31280 (2225)
*** ANTE/BLINDS ***
Kwiqq posts ante 25
geronimo2003 posts ante 25
sundaedu84 posts ante 25
Daviani posts ante 25
virus35 posts ante 25
manggy94 posts ante 25
nache29 posts ante 25
kiki4953 posts ante 25
jcbot31280 posts ante 25
Kwiqq posts small blind 125
geronimo2003 posts big blind 250
Dealt to manggy94 [Ah Qs]
*** PRE-FLOP *** 
manggy94 raises 850 to 1100
nache29 calls 575 and is all-in
kiki4953 folds
jcbot31280 folds
sundaedu84 folds
Daviani folds
virus35 folds
Kwiqq folds
geronimo2003 folds
*** FLOP *** [Tc Kc 8s]
*** TURN *** [Tc Kc 8s][6c]
*** RIVER *** [Tc Kc 8s 6c][7h]
*** SHOW DOWN ***
nache29 shows [Jd 8c] (One pair : 8)
manggy94 shows [Ah Qs] (High card : Ace)
manggy94 collected 525 from side pot 1
nache29 collected 1750 from main pot
*** SUMMARY ***
Total pot 2275 | No rake
Board: [Tc Kc 8s 6c 7h]
Seat 6: manggy94 showed [Ah Qs] and won 525 with High card : Ace
Seat 7: nache29 showed [Jd 8c] and won 1750 with One pair : 8


Winamax Poker - Tournament "Freeroll" buyIn: Free level: 9 - HandId: #545829122857763348-35-1440441899 - Holdem no limit (25/125/250) - 2015/08/24 18:44:59 UTC
Table: 'Freeroll(127085746)#0531' 9-max (real money) Seat #4 is the button
Seat 1: sundaedu84 (2350)
Seat 2: Daviani (2465)
Seat 3: virus35 (2150)
Seat 4: Kwiqq (2000)
Seat 5: geronimo2003 (1828)
Seat 6: manggy94 (5980)
Seat 7: nache29 (1750)
Seat 8: kiki4953 (5895)
Seat 9: jcbot31280 (2200)
*** ANTE/BLINDS ***
geronimo2003 posts ante 25
manggy94 posts ante 25
sundaedu84 posts ante 25
Daviani posts ante 25
virus35 posts ante 25
Kwiqq posts ante 25
nache29 posts ante 25
kiki4953 posts ante 25
jcbot31280 posts ante 25
geronimo2003 posts small blind 125
manggy94 posts big blind 250
Dealt to manggy94 [Kd Ts]
*** PRE-FLOP *** 
nache29 folds
kiki4953 folds
jcbot31280 folds
sundaedu84 folds
Daviani calls 250
virus35 folds
Kwiqq folds
geronimo2003 folds
manggy94 checks
*** FLOP *** [5c Ac 8c]
manggy94 checks
Daviani checks
*** TURN *** [5c Ac 8c][4h]
manggy94 checks
Daviani bets 250
manggy94 calls 250
*** RIVER *** [5c Ac 8c 4h][9c]
manggy94 checks
Daviani checks
*** SHOW DOWN ***
manggy94 shows [Kd Ts] (High card : Ace)
Daviani shows [Ad 2d] (One pair : Aces)
Daviani collected 1350 from pot
*** SUMMARY ***
Total pot 1350 | No rake
Board: [5c Ac 8c 4h 9c]
Seat 2: Daviani showed [Ad 2d] and won 1350 with One pair : Aces
Seat 6: manggy94 (big blind) showed [Kd Ts] and lost with High card : Ace


Winamax Poker - Tournament "Freeroll" buyIn: Free level: 10 - HandId: #545829122857763348-36-1440441969 - Holdem no limit (35/150/300) - 2015/08/24 18:46:09 UTC
Table: 'Freeroll(127085746)#0531' 9-max (real money) Seat #5 is the button
Seat 1: sundaedu84 (2325)
Seat 2: Daviani (3290)
Seat 3: virus35 (2125)
Seat 4: Kwiqq (1975)
Seat 5: geronimo2003 (1678)
Seat 6: manggy94 (5455)
Seat 7: nache29 (1725)
Seat 8: kiki4953 (5870)
Seat 9: jcbot31280 (2175)
*** ANTE/BLINDS ***
manggy94 posts ante 35
nache29 posts ante 35
sundaedu84 posts ante 35
Daviani posts ante 35
virus35 posts ante 35
Kwiqq posts ante 35
geronimo2003 posts ante 35
kiki4953 posts ante 35
jcbot31280 posts ante 35
manggy94 posts small blind 150
nache29 posts big blind 300
Dealt to manggy94 [Qh 6d]
*** PRE-FLOP *** 
kiki4953 calls 300
jcbot31280 folds
sundaedu84 folds
Daviani calls 300
virus35 folds
Kwiqq folds
geronimo2003 calls 300
manggy94 folds
nache29 checks
*** FLOP *** [8c 4h Ad]
nache29 checks
kiki4953 checks
Daviani checks
geronimo2003 bets 300
nache29 folds
kiki4953 calls 300
Daviani folds
*** TURN *** [8c 4h Ad][9d]
kiki4953 checks
geronimo2003 bets 300
kiki4953 calls 300
*** RIVER *** [8c 4h Ad 9d][5s]
kiki4953 checks
geronimo2003 bets 300
kiki4953 calls 300
*** SHOW DOWN ***
kiki4953 shows [Js Kc] (High card : Ace)
geronimo2003 shows [Ah 5h] (Two pairs : Aces and 5)
geronimo2003 collected 3465 from pot
*** SUMMARY ***
Total pot 3465 | No rake
Board: [8c 4h Ad 9d 5s]
Seat 5: geronimo2003 (button) showed [Ah 5h] and won 3465 with Two pairs : Aces and 5
Seat 8: kiki4953 showed [Js Kc] and lost with High card : Ace


Winamax Poker - Tournament "Freeroll" buyIn: Free level: 10 - HandId: #545829122857763348-37-1440442069 - Holdem no limit (35/150/300) - 2015/08/24 18:47:49 UTC
Table: 'Freeroll(127085746)#0531' 9-max (real money) Seat #6 is the button
Seat 1: sundaedu84 (2290)
Seat 2: Daviani (2955)
Seat 3: virus35 (2090)
Seat 4: Kwiqq (1940)
Seat 5: geronimo2003 (3908)
Seat 6: manggy94 (5270)
Seat 7: nache29 (1390)
Seat 8: kiki4953 (4635)
Seat 9: jcbot31280 (2140)
*** ANTE/BLINDS ***
nache29 posts ante 35
kiki4953 posts ante 35
sundaedu84 posts ante 35
Daviani posts ante 35
virus35 posts ante 35
Kwiqq posts ante 35
geronimo2003 posts ante 35
manggy94 posts ante 35
jcbot31280 posts ante 35
nache29 posts small blind 150
kiki4953 posts big blind 300
Dealt to manggy94 [2c 3s]
*** PRE-FLOP *** 
jcbot31280 folds
sundaedu84 folds
Daviani calls 300
virus35 folds
Kwiqq folds
geronimo2003 folds
manggy94 folds
nache29 calls 150
kiki4953 raises 1215 to 1515
Daviani calls 1215
nache29 folds
*** FLOP *** [8s 5c 4s]
kiki4953 bets 3085 and is all-in
Daviani calls 1405 and is all-in
*** TURN *** [8s 5c 4s][5d]
*** RIVER *** [8s 5c 4s 5d][Kd]
*** SHOW DOWN ***
Daviani shows [7c Ah] (One pair : 5)
kiki4953 shows [Js Jh] (Two pairs : Jacks and 5)
kiki4953 collected 8135 from pot
*** SUMMARY ***
Total pot 8135 | No rake
Board: [8s 5c 4s 5d Kd]
Seat 2: Daviani showed [7c Ah] and lost with One pair : 5
Seat 8: kiki4953 (big blind) showed [Js Jh] and won 8135 with Two pairs : Jacks and 5


Winamax Poker - Tournament "Freeroll" buyIn: Free level: 11 - HandId: #545829122857763348-38-1440442121 - Holdem no limit (40/200/400) - 2015/08/24 18:48:41 UTC
Table: 'Freeroll(127085746)#0531' 9-max (real money) Seat #7 is the button
Seat 1: sundaedu84 (2255)
Seat 3: virus35 (2055)
Seat 4: Kwiqq (1905)
Seat 5: geronimo2003 (3873)
Seat 6: manggy94 (5235)
Seat 7: nache29 (1055)
Seat 8: kiki4953 (8135)
Seat 9: jcbot31280 (2105)
*** ANTE/BLINDS ***
kiki4953 posts ante 40
jcbot31280 posts ante 40
sundaedu84 posts ante 40
virus35 posts ante 40
Kwiqq posts ante 40
geronimo2003 posts ante 40
manggy94 posts ante 40
nache29 posts ante 40
kiki4953 posts small blind 200
jcbot31280 posts big blind 400
Dealt to manggy94 [Kd 4h]
*** PRE-FLOP *** 
sundaedu84 folds
virus35 folds
Kwiqq folds
geronimo2003 folds
manggy94 raises 1320 to 1720
nache29 folds
kiki4953 folds
jcbot31280 folds
manggy94 collected 2640 from pot
*** SUMMARY ***
Total pot 2640 | No rake
Seat 6: manggy94 won 2640


Winamax Poker - Tournament "Freeroll" buyIn: Free level: 11 - HandId: #545829122857763348-39-1440442151 - Holdem no limit (40/200/400) - 2015/08/24 18:49:11 UTC
Table: 'Freeroll(127085746)#0531' 9-max (real money) Seat #8 is the button
Seat 1: sundaedu84 (2215)
Seat 2: baracus67 (32365)
Seat 3: virus35 (2015)
Seat 4: Kwiqq (1865)
Seat 5: geronimo2003 (3833)
Seat 6: manggy94 (6115)
Seat 7: nache29 (1015)
Seat 8: kiki4953 (7895)
Seat 9: jcbot31280 (1665)
*** ANTE/BLINDS ***
jcbot31280 posts ante 40
sundaedu84 posts ante 40
baracus67 posts ante 40
virus35 posts ante 40
Kwiqq posts ante 40
geronimo2003 posts ante 40
manggy94 posts ante 40
nache29 posts ante 40
kiki4953 posts ante 40
jcbot31280 posts small blind 200
sundaedu84 posts big blind 400
Dealt to manggy94 [2d Qs]
*** PRE-FLOP *** 
baracus67 calls 400
virus35 folds
Kwiqq folds
geronimo2003 calls 400
manggy94 calls 400
nache29 raises 575 to 975 and is all-in
kiki4953 calls 975
jcbot31280 folds
sundaedu84 folds
baracus67 calls 575
geronimo2003 calls 575
manggy94 folds
*** FLOP *** [5c 2c 8c]
baracus67 checks
geronimo2003 checks
kiki4953 checks
*** TURN *** [5c 2c 8c][8d]
baracus67 checks
geronimo2003 checks
kiki4953 checks
*** RIVER *** [5c 2c 8c 8d][8s]
baracus67 checks
geronimo2003 bets 400
kiki4953 folds
baracus67 calls 400
*** SHOW DOWN ***
baracus67 shows [9s As] (Trips of 8)
nache29 shows [Kc Ah] (Trips of 8)
geronimo2003 shows [4d 4s] (Full of 8 and 4)
geronimo2003 collected 6060 from pot
*** SUMMARY ***
Total pot 6060 | No rake
Board: [5c 2c 8c 8d 8s]
Seat 2: baracus67 showed [9s As] and lost with Trips of 8
Seat 5: geronimo2003 showed [4d 4s] and won 6060 with Full of 8 and 4
Seat 7: nache29 showed [Kc Ah] and lost with Trips of 8


Winamax Poker - Tournament "Freeroll" buyIn: Free level: 11 - HandId: #545829122857763348-40-1440442235 - Holdem no limit (40/200/400) - 2015/08/24 18:50:35 UTC
Table: 'Freeroll(127085746)#0531' 9-max (real money) Seat #9 is the button
Seat 1: sundaedu84 (1775)
Seat 2: baracus67 (30950)
Seat 3: virus35 (1975)
Seat 4: Kwiqq (1825)
Seat 5: geronimo2003 (8478)
Seat 6: manggy94 (5675)
Seat 7: SHOOT92260 (2000)
Seat 8: kiki4953 (6880)
Seat 9: jcbot31280 (1425)
*** ANTE/BLINDS ***
sundaedu84 posts ante 40
baracus67 posts ante 40
virus35 posts ante 40
Kwiqq posts ante 40
geronimo2003 posts ante 40
manggy94 posts ante 40
SHOOT92260 posts ante 40
kiki4953 posts ante 40
jcbot31280 posts ante 40
sundaedu84 posts small blind 200
baracus67 posts big blind 400
Dealt to manggy94 [9h 6h]
*** PRE-FLOP *** 
virus35 folds
Kwiqq folds
geronimo2003 calls 400
manggy94 calls 400
SHOOT92260 folds
kiki4953 folds
jcbot31280 folds
sundaedu84 folds
baracus67 checks
*** FLOP *** [6d 2h 8s]
baracus67 checks
geronimo2003 checks
manggy94 checks
*** TURN *** [6d 2h 8s][3h]
baracus67 bets 400
geronimo2003 calls 400
manggy94 calls 400
*** RIVER *** [6d 2h 8s 3h][4d]
baracus67 bets 2220
geronimo2003 folds
manggy94 folds
baracus67 collected 5180 from pot
*** SUMMARY ***
Total pot 5180 | No rake
Board: [6d 2h 8s 3h 4d]
Seat 2: baracus67 (big blind) won 5180


Winamax Poker - Tournament "Freeroll" buyIn: Free level: 12 - HandId: #545829122857763348-41-1440442290 - Holdem no limit (50/250/500) - 2015/08/24 18:51:30 UTC
Table: 'Freeroll(127085746)#0531' 9-max (real money) Seat #1 is the button
Seat 1: sundaedu84 (1535)
Seat 2: baracus67 (33070)
Seat 3: GIGI08400 (2475)
Seat 4: Kwiqq (1785)
Seat 5: geronimo2003 (7638)
Seat 6: manggy94 (4835)
Seat 7: SHOOT92260 (1960)
Seat 8: kiki4953 (6840)
Seat 9: jcbot31280 (1385)
*** ANTE/BLINDS ***
baracus67 posts ante 50
GIGI08400 posts ante 50
sundaedu84 posts ante 50
Kwiqq posts ante 50
geronimo2003 posts ante 50
manggy94 posts ante 50
SHOOT92260 posts ante 50
kiki4953 posts ante 50
jcbot31280 posts ante 50
baracus67 posts small blind 250
GIGI08400 posts big blind 500
Dealt to manggy94 [Ad Ts]
*** PRE-FLOP *** 
Kwiqq folds
geronimo2003 folds
manggy94 folds
SHOOT92260 folds
kiki4953 calls 500
jcbot31280 folds
sundaedu84 folds
baracus67 calls 250
GIGI08400 folds
*** FLOP *** [3h 5d 9h]
baracus67 bets 500
kiki4953 calls 500
*** TURN *** [3h 5d 9h][3d]
baracus67 bets 1967
kiki4953 folds
baracus67 collected 4917 from pot
*** SUMMARY ***
Total pot 4917 | No rake
Board: [3h 5d 9h 3d]
Seat 2: baracus67 (small blind) won 4917


Winamax Poker - Tournament "Freeroll" buyIn: Free level: 12 - HandId: #545829122857763348-42-1440442336 - Holdem no limit (50/250/500) - 2015/08/24 18:52:16 UTC
Table: 'Freeroll(127085746)#0531' 9-max (real money) Seat #2 is the button
Seat 1: sundaedu84 (1485)
Seat 2: baracus67 (34970)
Seat 3: GIGI08400 (1925)
Seat 4: Kwiqq (1735)
Seat 5: geronimo2003 (7588)
Seat 6: manggy94 (4785)
Seat 7: SHOOT92260 (1910)
Seat 8: kiki4953 (5790)
Seat 9: jcbot31280 (1335)
*** ANTE/BLINDS ***
GIGI08400 posts ante 50
Kwiqq posts ante 50
sundaedu84 posts ante 50
baracus67 posts ante 50
geronimo2003 posts ante 50
manggy94 posts ante 50
SHOOT92260 posts ante 50
kiki4953 posts ante 50
jcbot31280 posts ante 50
GIGI08400 posts small blind 250
Kwiqq posts big blind 500
Dealt to manggy94 [As 8h]
*** PRE-FLOP *** 
geronimo2003 folds
manggy94 calls 500
SHOOT92260 folds
kiki4953 calls 500
jcbot31280 folds
sundaedu84 folds
baracus67 calls 500
GIGI08400 folds
Kwiqq folds
*** FLOP *** [6s Qc Ks]
manggy94 bets 4235 and is all-in
kiki4953 calls 4235
baracus67 folds
*** TURN *** [6s Qc Ks][Th]
*** RIVER *** [6s Qc Ks Th][2c]
*** SHOW DOWN ***
manggy94 shows [As 8h] (High card : Ace)
kiki4953 shows [2s Kc] (Two pairs : Kings and 2)
kiki4953 collected 11170 from pot
*** SUMMARY ***
Total pot 11170 | No rake
Board: [6s Qc Ks Th 2c]
Seat 6: manggy94 showed [As 8h] and lost with High card : Ace
Seat 8: kiki4953 showed [2s Kc] and won 11170 with Two pairs : Kings and 2


