Winamax Poker - CashGame - HandId: #7920960-118-1441391136 - Holdem no limit (0.01€/0.02€) - 2015/09/04 18:25:36 UTC
Table: 'Aberdeen 12' 5-max (real money) Seat #2 is the button
Seat 1: manggy94 (2€)
Seat 2: Incognito 2 (0.67€)
Seat 3: Incognito 3 (2.31€)
Seat 4: Incognito 4 (1.96€)
Seat 5: Incognito 5 (2.42€)
*** ANTE/BLINDS ***
Incognito 3 posts small blind 0.01€
Incognito 4 posts big blind 0.02€
manggy94 posts big blind 0.02€ out of position
Dealt to manggy94 [Jc Kh]
*** PRE-FLOP *** 
Incognito 5 raises 0.08€ to 0.10€
manggy94 calls 0.08€
Incognito 2 folds
Incognito 3 calls 0.09€
Incognito 4 folds
*** FLOP *** [8h Qd 8c]
Incognito 3 checks
Incognito 5 bets 0.24€
manggy94 folds
Incognito 3 folds
Incognito 5 collected 0.54€ from pot
*** SUMMARY ***
Total pot 0.54€ | Rake 0.02€
Board: [8h Qd 8c]
Seat 5: Incognito 5 won 0.54€


Winamax Poker - CashGame - HandId: #7920960-119-1441391211 - Holdem no limit (0.01€/0.02€) - 2015/09/04 18:26:51 UTC
Table: 'Aberdeen 12' 5-max (real money) Seat #3 is the button
Seat 1: manggy94 (1.90€)
Seat 2: Incognito 2 (0.67€)
Seat 3: Incognito 3 (2.21€)
Seat 4: Incognito 4 (1.94€)
Seat 5: Incognito 5 (2.62€)
*** ANTE/BLINDS ***
Incognito 4 posts small blind 0.01€
Incognito 5 posts big blind 0.02€
Dealt to manggy94 [9d 7d]
*** PRE-FLOP *** 
manggy94 folds
Incognito 2 raises 0.04€ to 0.06€
Incognito 3 raises 0.12€ to 0.18€
Incognito 4 folds
Incognito 5 folds
Incognito 2 calls 0.12€
*** FLOP *** [Jc 7c Tc]
Incognito 2 checks
Incognito 3 bets 0.20€
Incognito 2 folds
Incognito 3 collected 0.56€ from pot
*** SUMMARY ***
Total pot 0.56€ | Rake 0.03€
Board: [Jc 7c Tc]
Seat 3: Incognito 3 (button) won 0.56€


Winamax Poker - CashGame - HandId: #7920960-120-1441391264 - Holdem no limit (0.01€/0.02€) - 2015/09/04 18:27:44 UTC
Table: 'Aberdeen 12' 5-max (real money) Seat #4 is the button
Seat 1: manggy94 (1.90€)
Seat 2: Incognito 2 (0.49€)
Seat 3: Incognito 3 (2.39€)
Seat 4: Incognito 4 (1.93€)
Seat 5: Incognito 5 (2.60€)
*** ANTE/BLINDS ***
Incognito 5 posts small blind 0.01€
manggy94 posts big blind 0.02€
Dealt to manggy94 [2d Ah]
*** PRE-FLOP *** 
Incognito 2 raises 0.47€ to 0.49€ and is all-in
Incognito 3 folds
Incognito 4 folds
Incognito 5 folds
manggy94 folds
Incognito 2 collected 0.52€ from pot
*** SUMMARY ***
Total pot 0.52€ | No rake
Seat 2: Incognito 2 won 0.52€


Winamax Poker - CashGame - HandId: #7920960-121-1441391300 - Holdem no limit (0.01€/0.02€) - 2015/09/04 18:28:20 UTC
Table: 'Aberdeen 12' 5-max (real money) Seat #5 is the button
Seat 1: manggy94 (1.88€)
Seat 2: Incognito 2 (0.52€)
Seat 3: Incognito 3 (2.39€)
Seat 4: Incognito 4 (1.93€)
Seat 5: Incognito 5 (2.59€)
*** ANTE/BLINDS ***
manggy94 posts small blind 0.01€
Incognito 2 posts big blind 0.02€
Dealt to manggy94 [Jd 8s]
*** PRE-FLOP *** 
Incognito 3 folds
Incognito 4 calls 0.02€
Incognito 5 folds
manggy94 folds
Incognito 2 checks
*** FLOP *** [Ac 5s 3c]
Incognito 2 bets 0.07€
Incognito 4 calls 0.07€
*** TURN *** [Ac 5s 3c][6h]
Incognito 2 bets 0.10€
Incognito 4 calls 0.10€
*** RIVER *** [Ac 5s 3c 6h][Kh]
Incognito 2 bets 0.09€
Incognito 4 calls 0.09€
*** SHOW DOWN ***
Incognito 2 shows [Qs 7d] (High card : Ace)
Incognito 4 shows [5d 7h] (One pair : 5)
Incognito 4 collected 0.53€ from pot
*** SUMMARY ***
Total pot 0.53€ | Rake 0.04€
Board: [Ac 5s 3c 6h Kh]
Seat 2: Incognito 2 (big blind) showed [Qs 7d] and lost with High card : Ace
Seat 4: Incognito 4 showed [5d 7h] and won 0.53€ with One pair : 5


Winamax Poker - CashGame - HandId: #7920960-122-1441391382 - Holdem no limit (0.01€/0.02€) - 2015/09/04 18:29:42 UTC
Table: 'Aberdeen 12' 5-max (real money) Seat #1 is the button
Seat 1: manggy94 (1.87€)
Seat 2: Incognito 2 (0.24€)
Seat 3: Incognito 3 (2.39€)
Seat 4: Incognito 4 (2.18€)
Seat 5: Incognito 5 (2.59€)
*** ANTE/BLINDS ***
Incognito 2 posts small blind 0.01€
Incognito 3 posts big blind 0.02€
Dealt to manggy94 [Ks 9d]
*** PRE-FLOP *** 
Incognito 4 calls 0.02€
Incognito 5 folds
manggy94 raises 0.07€ to 0.09€
Incognito 2 raises 0.15€ to 0.24€ and is all-in
Incognito 3 folds
Incognito 4 folds
manggy94 calls 0.15€
*** FLOP *** [6d 7s 4s]
*** TURN *** [6d 7s 4s][3d]
*** RIVER *** [6d 7s 4s 3d][Kh]
*** SHOW DOWN ***
Incognito 2 shows [6c 9c] (One pair : 6)
manggy94 shows [Ks 9d] (One pair : Kings)
manggy94 collected 0.49€ from pot
*** SUMMARY ***
Total pot 0.49€ | Rake 0.03€
Board: [6d 7s 4s 3d Kh]
Seat 1: manggy94 (button) showed [Ks 9d] and won 0.49€ with One pair : Kings
Seat 2: Incognito 2 (small blind) showed [6c 9c] and lost with One pair : 6


Winamax Poker - CashGame - HandId: #7920960-123-1441391423 - Holdem no limit (0.01€/0.02€) - 2015/09/04 18:30:23 UTC
Table: 'Aberdeen 12' 5-max (real money) Seat #2 is the button
Seat 1: manggy94 (2.12€)
Seat 2: Incognito 2 (0€)
Seat 3: Incognito 3 (2.37€)
Seat 4: Incognito 4 (2.16€)
Seat 5: Incognito 5 (2.59€)
*** ANTE/BLINDS ***
Incognito 3 posts small blind 0.01€
Incognito 4 posts big blind 0.02€
Dealt to manggy94 [Kh 5h]
*** PRE-FLOP *** 
Incognito 5 folds
manggy94 calls 0.02€
Incognito 3 raises 0.06€ to 0.08€
Incognito 4 folds
manggy94 calls 0.06€
*** FLOP *** [2s Jh 6c]
Incognito 3 bets 0.09€
manggy94 calls 0.09€
*** TURN *** [2s Jh 6c][Ad]
Incognito 3 bets 0.24€
manggy94 folds
Incognito 3 collected 0.58€ from pot
*** SUMMARY ***
Total pot 0.58€ | Rake 0.02€
Board: [2s Jh 6c Ad]
Seat 3: Incognito 3 (small blind) won 0.58€


Winamax Poker - CashGame - HandId: #7920960-124-1441391454 - Holdem no limit (0.01€/0.02€) - 2015/09/04 18:30:54 UTC
Table: 'Aberdeen 12' 5-max (real money) Seat #3 is the button
Seat 1: manggy94 (1.95€)
Seat 3: Incognito 3 (2.54€)
Seat 4: Incognito 4 (2.14€)
Seat 5: Incognito 5 (2.59€)
*** ANTE/BLINDS ***
Incognito 4 posts small blind 0.01€
Incognito 5 posts big blind 0.02€
Dealt to manggy94 [Kh Ks]
*** PRE-FLOP *** 
manggy94 calls 0.02€
Incognito 3 raises 0.07€ to 0.09€
Incognito 4 folds
Incognito 5 folds
manggy94 raises 1.86€ to 1.95€ and is all-in
Incognito 3 folds
manggy94 collected 2.07€ from pot
*** SUMMARY ***
Total pot 2.07€ | No rake
Seat 1: manggy94 won 2.07€


Winamax Poker - CashGame - HandId: #7920960-125-1441391490 - Holdem no limit (0.01€/0.02€) - 2015/09/04 18:31:30 UTC
Table: 'Aberdeen 12' 5-max (real money) Seat #4 is the button
Seat 1: manggy94 (2.07€)
Seat 3: Incognito 3 (2.45€)
Seat 4: Incognito 4 (2.13€)
Seat 5: Incognito 5 (2.57€)
*** ANTE/BLINDS ***
Incognito 5 posts small blind 0.01€
manggy94 posts big blind 0.02€
Dealt to manggy94 [Jd 8c]
*** PRE-FLOP *** 
Incognito 3 raises 0.04€ to 0.06€
Incognito 4 calls 0.06€
Incognito 5 folds
manggy94 calls 0.04€
*** FLOP *** [6c 6h 7h]
manggy94 bets 0.19€
Incognito 3 calls 0.19€
Incognito 4 folds
*** TURN *** [6c 6h 7h][5h]
manggy94 checks
Incognito 3 bets 0.28€
manggy94 calls 0.28€
*** RIVER *** [6c 6h 7h 5h][7c]
manggy94 checks
Incognito 3 bets 0.75€
manggy94 folds
Incognito 3 collected 1.81€ from pot
*** SUMMARY ***
Total pot 1.81€ | Rake 0.07€
Board: [6c 6h 7h 5h 7c]
Seat 3: Incognito 3 won 1.81€


Winamax Poker - CashGame - HandId: #7920960-126-1441391569 - Holdem no limit (0.01€/0.02€) - 2015/09/04 18:32:49 UTC
Table: 'Aberdeen 12' 5-max (real money) Seat #5 is the button
Seat 1: manggy94 (1.54€)
Seat 3: Incognito 3 (2.98€)
Seat 4: Incognito 4 (2.07€)
Seat 5: Incognito 5 (2.56€)
*** ANTE/BLINDS ***
manggy94 posts small blind 0.01€
Incognito 3 posts big blind 0.02€
Dealt to manggy94 [Jc 9d]
*** PRE-FLOP *** 
Incognito 4 calls 0.02€
Incognito 5 folds
manggy94 folds
Incognito 3 raises 0.03€ to 0.05€
Incognito 4 calls 0.03€
*** FLOP *** [Qs 4d 8d]
Incognito 3 bets 0.06€
Incognito 4 folds
Incognito 3 collected 0.16€ from pot
*** SUMMARY ***
Total pot 0.16€ | Rake 0.01€
Board: [Qs 4d 8d]
Seat 3: Incognito 3 (big blind) won 0.16€


Winamax Poker - CashGame - HandId: #7920960-127-1441391602 - Holdem no limit (0.01€/0.02€) - 2015/09/04 18:33:22 UTC
Table: 'Aberdeen 12' 5-max (real money) Seat #1 is the button
Seat 1: manggy94 (1.53€)
Seat 3: Incognito 3 (3.03€)
Seat 4: Incognito 4 (2.02€)
Seat 5: Incognito 5 (2.56€)
*** ANTE/BLINDS ***
Incognito 3 posts small blind 0.01€
Incognito 4 posts big blind 0.02€
Dealt to manggy94 [Ts Qd]
*** PRE-FLOP *** 
Incognito 5 folds
manggy94 raises 0.05€ to 0.07€
Incognito 3 folds
Incognito 4 folds
manggy94 collected 0.10€ from pot
*** SUMMARY ***
Total pot 0.10€ | No rake
Seat 1: manggy94 (button) won 0.10€


Winamax Poker - CashGame - HandId: #7920960-128-1441391624 - Holdem no limit (0.01€/0.02€) - 2015/09/04 18:33:44 UTC
Table: 'Aberdeen 12' 5-max (real money) Seat #3 is the button
Seat 1: manggy94 (1.56€)
Seat 3: Incognito 3 (3.02€)
Seat 4: Incognito 4 (2€)
Seat 5: Incognito 5 (2.56€)
*** ANTE/BLINDS ***
Incognito 4 posts small blind 0.01€
Incognito 5 posts big blind 0.02€
Dealt to manggy94 [6s Ac]
*** PRE-FLOP *** 
manggy94 raises 0.05€ to 0.07€
Incognito 3 folds
Incognito 4 folds
Incognito 5 folds
manggy94 collected 0.10€ from pot
*** SUMMARY ***
Total pot 0.10€ | No rake
Seat 1: manggy94 won 0.10€


Winamax Poker - CashGame - HandId: #7920960-129-1441391646 - Holdem no limit (0.01€/0.02€) - 2015/09/04 18:34:06 UTC
Table: 'Aberdeen 12' 5-max (real money) Seat #4 is the button
Seat 1: manggy94 (1.59€)
Seat 3: Incognito 3 (3.02€)
Seat 4: Incognito 4 (1.99€)
Seat 5: Incognito 5 (2.54€)
*** ANTE/BLINDS ***
Incognito 5 posts small blind 0.01€
manggy94 posts big blind 0.02€
Dealt to manggy94 [9h 3h]
*** PRE-FLOP *** 
Incognito 3 folds
Incognito 4 raises 0.04€ to 0.06€
Incognito 5 folds
manggy94 calls 0.04€
*** FLOP *** [As Js 6d]
manggy94 bets 1.53€ and is all-in
Incognito 4 folds
manggy94 collected 1.65€ from pot
*** SUMMARY ***
Total pot 1.65€ | Rake 0.01€
Board: [As Js 6d]
Seat 1: manggy94 (big blind) won 1.65€


Winamax Poker - CashGame - HandId: #7920960-130-1441391692 - Holdem no limit (0.01€/0.02€) - 2015/09/04 18:34:52 UTC
Table: 'Aberdeen 12' 5-max (real money) Seat #5 is the button
Seat 1: manggy94 (1.65€)
Seat 3: Incognito 3 (3.02€)
Seat 4: Incognito 4 (1.93€)
Seat 5: Incognito 5 (2.53€)
*** ANTE/BLINDS ***
manggy94 posts small blind 0.01€
Incognito 3 posts big blind 0.02€
Dealt to manggy94 [Ks 4h]
*** PRE-FLOP *** 
Incognito 4 calls 0.02€
Incognito 5 folds
manggy94 calls 0.01€
Incognito 3 checks
*** FLOP *** [6c 6s Qd]
manggy94 checks
Incognito 3 checks
Incognito 4 checks
*** TURN *** [6c 6s Qd][Jd]
manggy94 bets 0.06€
Incognito 3 folds
Incognito 4 calls 0.06€
*** RIVER *** [6c 6s Qd Jd][Kd]
manggy94 bets 1.57€ and is all-in
Incognito 4 folds
manggy94 collected 1.74€ from pot
*** SUMMARY ***
Total pot 1.74€ | Rake 0.01€
Board: [6c 6s Qd Jd Kd]
Seat 1: manggy94 (small blind) won 1.74€


Winamax Poker - CashGame - HandId: #7920960-131-1441391745 - Holdem no limit (0.01€/0.02€) - 2015/09/04 18:35:45 UTC
Table: 'Aberdeen 12' 5-max (real money) Seat #1 is the button
Seat 1: manggy94 (1.74€)
Seat 3: Incognito 3 (3€)
Seat 4: Incognito 4 (1.85€)
Seat 5: Incognito 5 (2.53€)
*** ANTE/BLINDS ***
Incognito 3 posts small blind 0.01€
Incognito 4 posts big blind 0.02€
Dealt to manggy94 [2h Jd]
*** PRE-FLOP *** 
Incognito 5 folds
manggy94 folds
Incognito 3 raises 0.04€ to 0.06€
Incognito 4 calls 0.04€
*** FLOP *** [3h 4h Jh]
Incognito 3 bets 0.06€
Incognito 4 folds
Incognito 3 collected 0.17€ from pot
*** SUMMARY ***
Total pot 0.17€ | Rake 0.01€
Board: [3h 4h Jh]
Seat 3: Incognito 3 (small blind) won 0.17€


Winamax Poker - CashGame - HandId: #7920960-132-1441391782 - Holdem no limit (0.01€/0.02€) - 2015/09/04 18:36:22 UTC
Table: 'Aberdeen 12' 5-max (real money) Seat #3 is the button
Seat 1: manggy94 (1.74€)
Seat 3: Incognito 3 (3.05€)
Seat 4: Incognito 4 (1.79€)
Seat 5: Incognito 5 (2.53€)
*** ANTE/BLINDS ***
Incognito 4 posts small blind 0.01€
Incognito 5 posts big blind 0.02€
Dealt to manggy94 [Ac 2c]
*** PRE-FLOP *** 
manggy94 raises 0.05€ to 0.07€
Incognito 3 folds
Incognito 4 folds
Incognito 5 folds
manggy94 collected 0.10€ from pot
*** SUMMARY ***
Total pot 0.10€ | No rake
Seat 1: manggy94 won 0.10€


Winamax Poker - CashGame - HandId: #7920960-133-1441391809 - Holdem no limit (0.01€/0.02€) - 2015/09/04 18:36:49 UTC
Table: 'Aberdeen 12' 5-max (real money) Seat #4 is the button
Seat 1: manggy94 (1.77€)
Seat 3: Incognito 3 (3.05€)
Seat 4: Incognito 4 (1.78€)
Seat 5: Incognito 5 (2.51€)
*** ANTE/BLINDS ***
Incognito 5 posts small blind 0.01€
manggy94 posts big blind 0.02€
Dealt to manggy94 [Ts 5s]
*** PRE-FLOP *** 
Incognito 3 folds
Incognito 4 raises 0.04€ to 0.06€
Incognito 5 folds
manggy94 calls 0.04€
*** FLOP *** [5h 8d Kh]
manggy94 checks
Incognito 4 bets 0.08€
manggy94 folds
Incognito 4 collected 0.20€ from pot
*** SUMMARY ***
Total pot 0.20€ | Rake 0.01€
Board: [5h 8d Kh]
Seat 4: Incognito 4 (button) won 0.20€


Winamax Poker - CashGame - HandId: #7920960-134-1441391864 - Holdem no limit (0.01€/0.02€) - 2015/09/04 18:37:44 UTC
Table: 'Aberdeen 12' 5-max (real money) Seat #5 is the button
Seat 1: manggy94 (1.71€)
Seat 3: Incognito 3 (3.05€)
Seat 4: Incognito 4 (1.84€)
Seat 5: Incognito 5 (2.50€)
*** ANTE/BLINDS ***
manggy94 posts small blind 0.01€
Incognito 3 posts big blind 0.02€
Dealt to manggy94 [Js 7s]
*** PRE-FLOP *** 
Incognito 4 calls 0.02€
Incognito 5 folds
manggy94 raises 0.06€ to 0.08€
Incognito 3 calls 0.06€
Incognito 4 folds
*** FLOP *** [As 9s 3s]
manggy94 checks
Incognito 3 bets 0.09€
manggy94 raises 0.36€ to 0.45€
Incognito 3 folds
manggy94 collected 0.70€ from pot
*** SUMMARY ***
Total pot 0.70€ | Rake 0.02€
Board: [As 9s 3s]
Seat 1: manggy94 (small blind) won 0.70€


Winamax Poker - CashGame - HandId: #7920960-135-1441391909 - Holdem no limit (0.01€/0.02€) - 2015/09/04 18:38:29 UTC
Table: 'Aberdeen 12' 5-max (real money) Seat #1 is the button
Seat 1: manggy94 (1.88€)
Seat 3: Incognito 3 (2.88€)
Seat 5: Incognito 5 (2.50€)
*** ANTE/BLINDS ***
Incognito 3 posts small blind 0.01€
Incognito 5 posts big blind 0.02€
Dealt to manggy94 [As 3h]
*** PRE-FLOP *** 
manggy94 raises 0.05€ to 0.07€
Incognito 3 folds
Incognito 5 folds
manggy94 collected 0.10€ from pot
*** SUMMARY ***
Total pot 0.10€ | No rake
Seat 1: manggy94 (button) won 0.10€


Winamax Poker - CashGame - HandId: #7920960-136-1441391933 - Holdem no limit (0.01€/0.02€) - 2015/09/04 18:38:53 UTC
Table: 'Aberdeen 12' 5-max (real money) Seat #3 is the button
Seat 1: manggy94 (1.91€)
Seat 2: Incognito 2 (2€)
Seat 3: Incognito 3 (2.87€)
Seat 5: Incognito 5 (2.48€)
*** ANTE/BLINDS ***
Incognito 5 posts small blind 0.01€
manggy94 posts big blind 0.02€
Dealt to manggy94 [Tc 6h]
*** PRE-FLOP *** 
Incognito 2 folds
Incognito 3 raises 0.04€ to 0.06€
Incognito 5 folds
manggy94 folds
Incognito 3 collected 0.09€ from pot
*** SUMMARY ***
Total pot 0.09€ | No rake
Seat 3: Incognito 3 (button) won 0.09€


Winamax Poker - CashGame - HandId: #7920960-137-1441391991 - Holdem no limit (0.01€/0.02€) - 2015/09/04 18:39:51 UTC
Table: 'Aberdeen 12' 5-max (real money) Seat #5 is the button
Seat 1: manggy94 (1.89€)
Seat 2: Incognito 2 (2€)
Seat 3: Incognito 3 (2.90€)
Seat 5: Incognito 5 (2.47€)
*** ANTE/BLINDS ***
manggy94 posts small blind 0.01€
Incognito 2 posts big blind 0.02€
Dealt to manggy94 [Qh 3d]
*** PRE-FLOP *** 
Incognito 3 raises 0.04€ to 0.06€
Incognito 5 folds
manggy94 folds
Incognito 2 folds
Incognito 3 collected 0.09€ from pot
*** SUMMARY ***
Total pot 0.09€ | No rake
Seat 3: Incognito 3 won 0.09€


Winamax Poker - CashGame - HandId: #7920960-138-1441392031 - Holdem no limit (0.01€/0.02€) - 2015/09/04 18:40:31 UTC
Table: 'Aberdeen 12' 5-max (real money) Seat #1 is the button
Seat 1: manggy94 (1.88€)
Seat 2: Incognito 2 (1.98€)
Seat 3: Incognito 3 (2.93€)
Seat 5: Incognito 5 (2.47€)
*** ANTE/BLINDS ***
Incognito 2 posts small blind 0.01€
Incognito 3 posts big blind 0.02€
Dealt to manggy94 [5c Ad]
*** PRE-FLOP *** 
Incognito 5 folds
manggy94 raises 0.05€ to 0.07€
Incognito 2 folds
Incognito 3 folds
manggy94 collected 0.10€ from pot
*** SUMMARY ***
Total pot 0.10€ | No rake
Seat 1: manggy94 (button) won 0.10€


Winamax Poker - CashGame - HandId: #7920960-139-1441392058 - Holdem no limit (0.01€/0.02€) - 2015/09/04 18:40:58 UTC
Table: 'Aberdeen 12' 5-max (real money) Seat #2 is the button
Seat 1: manggy94 (1.91€)
Seat 2: Incognito 2 (1.97€)
Seat 3: Incognito 3 (2.91€)
Seat 5: Incognito 5 (2.47€)
*** ANTE/BLINDS ***
Incognito 3 posts small blind 0.01€
Incognito 5 posts big blind 0.02€
Dealt to manggy94 [8d Js]
*** PRE-FLOP *** 
manggy94 folds
Incognito 2 raises 0.04€ to 0.06€
Incognito 3 folds
Incognito 5 raises 0.24€ to 0.30€
Incognito 2 folds
Incognito 5 collected 0.37€ from pot
*** SUMMARY ***
Total pot 0.37€ | No rake
Seat 5: Incognito 5 (big blind) won 0.37€


Winamax Poker - CashGame - HandId: #7920960-140-1441392113 - Holdem no limit (0.01€/0.02€) - 2015/09/04 18:41:53 UTC
Table: 'Aberdeen 12' 5-max (real money) Seat #3 is the button
Seat 1: manggy94 (1.91€)
Seat 2: Incognito 2 (1.91€)
Seat 3: Incognito 3 (2.90€)
Seat 5: Incognito 5 (2.54€)
*** ANTE/BLINDS ***
Incognito 5 posts small blind 0.01€
manggy94 posts big blind 0.02€
Dealt to manggy94 [Kc Qh]
*** PRE-FLOP *** 
Incognito 2 folds
Incognito 3 folds
Incognito 5 folds
manggy94 collected 0.03€ from pot
*** SUMMARY ***
Total pot 0.03€ | No rake
Seat 1: manggy94 (big blind) won 0.03€


Winamax Poker - CashGame - HandId: #7920960-141-1441392151 - Holdem no limit (0.01€/0.02€) - 2015/09/04 18:42:31 UTC
Table: 'Aberdeen 12' 5-max (real money) Seat #5 is the button
Seat 1: manggy94 (1.92€)
Seat 2: Incognito 2 (1.91€)
Seat 3: Incognito 3 (2.90€)
Seat 5: Incognito 5 (2.53€)
*** ANTE/BLINDS ***
manggy94 posts small blind 0.01€
Incognito 2 posts big blind 0.02€
Dealt to manggy94 [Kc 8c]
*** PRE-FLOP *** 
Incognito 3 folds
Incognito 5 folds
manggy94 raises 0.04€ to 0.06€
Incognito 2 calls 0.04€
*** FLOP *** [Qs 3h Ah]
manggy94 bets 0.12€
Incognito 2 raises 0.12€ to 0.24€
manggy94 calls 0.12€
*** TURN *** [Qs 3h Ah][5d]
manggy94 checks
Incognito 2 bets 0.40€
manggy94 folds
Incognito 2 collected 0.96€ from pot
*** SUMMARY ***
Total pot 0.96€ | Rake 0.04€
Board: [Qs 3h Ah 5d]
Seat 2: Incognito 2 (big blind) won 0.96€


Winamax Poker - CashGame - HandId: #7920960-142-1441392214 - Holdem no limit (0.01€/0.02€) - 2015/09/04 18:43:34 UTC
Table: 'Aberdeen 12' 5-max (real money) Seat #1 is the button
Seat 1: manggy94 (1.62€)
Seat 2: Incognito 2 (2.17€)
Seat 3: Incognito 3 (2.90€)
Seat 5: Incognito 5 (2.53€)
*** ANTE/BLINDS ***
Incognito 2 posts small blind 0.01€
Incognito 3 posts big blind 0.02€
Dealt to manggy94 [7s 6h]
*** PRE-FLOP *** 
Incognito 5 folds
manggy94 folds
Incognito 2 calls 0.01€
Incognito 3 raises 0.04€ to 0.06€
Incognito 2 folds
Incognito 3 collected 0.08€ from pot
*** SUMMARY ***
Total pot 0.08€ | No rake
Seat 3: Incognito 3 (big blind) won 0.08€


Winamax Poker - CashGame - HandId: #7920960-143-1441392239 - Holdem no limit (0.01€/0.02€) - 2015/09/04 18:43:59 UTC
Table: 'Aberdeen 12' 5-max (real money) Seat #2 is the button
Seat 1: manggy94 (1.62€)
Seat 2: Incognito 2 (2.15€)
Seat 3: Incognito 3 (2.92€)
Seat 5: Incognito 5 (2.53€)
*** ANTE/BLINDS ***
Incognito 3 posts small blind 0.01€
Incognito 5 posts big blind 0.02€
Dealt to manggy94 [Kc 3s]
*** PRE-FLOP *** 
manggy94 raises 0.05€ to 0.07€
Incognito 2 folds
Incognito 3 folds
Incognito 5 folds
manggy94 collected 0.10€ from pot
*** SUMMARY ***
Total pot 0.10€ | No rake
Seat 1: manggy94 won 0.10€


Winamax Poker - CashGame - HandId: #7920960-144-1441392258 - Holdem no limit (0.01€/0.02€) - 2015/09/04 18:44:18 UTC
Table: 'Aberdeen 12' 5-max (real money) Seat #3 is the button
Seat 1: manggy94 (1.65€)
Seat 2: Incognito 2 (2.15€)
Seat 3: Incognito 3 (2.91€)
Seat 5: Incognito 5 (2.51€)
*** ANTE/BLINDS ***
Incognito 5 posts small blind 0.01€
manggy94 posts big blind 0.02€
Dealt to manggy94 [Js Ad]
*** PRE-FLOP *** 
Incognito 2 calls 0.02€
Incognito 3 raises 0.07€ to 0.09€
Incognito 5 folds
manggy94 raises 0.21€ to 0.30€
Incognito 2 folds
Incognito 3 calls 0.21€
*** FLOP *** [Ts 9d 3h]
manggy94 bets 0.63€
Incognito 3 raises 1.89€ to 2.52€
manggy94 calls 0.72€ and is all-in
*** TURN *** [Ts 9d 3h][Jh]
*** RIVER *** [Ts 9d 3h Jh][3c]
*** SHOW DOWN ***
manggy94 shows [Js Ad] (Two pairs : Jacks and 3)
Incognito 3 shows [5c 5s] (Two pairs : 5 and 3)
Incognito 3 collected 1.17€ from side pot 1
manggy94 collected 3.11€ from main pot
*** SUMMARY ***
Total pot 4.28€ | Rake 0.22€
Board: [Ts 9d 3h Jh 3c]
Seat 1: manggy94 (big blind) showed [Js Ad] and won 3.11€ with Two pairs : Jacks and 3
Seat 3: Incognito 3 (button) showed [5c 5s] and won 1.17€ with Two pairs : 5 and 3


Winamax Poker - CashGame - HandId: #7920960-145-1441392302 - Holdem no limit (0.01€/0.02€) - 2015/09/04 18:45:02 UTC
Table: 'Aberdeen 12' 5-max (real money) Seat #5 is the button
Seat 1: manggy94 (3.11€)
Seat 2: Incognito 2 (2.13€)
Seat 3: Incognito 3 (2€)
Seat 5: Incognito 5 (2.50€)
*** ANTE/BLINDS ***
manggy94 posts small blind 0.01€
Incognito 2 posts big blind 0.02€
Dealt to manggy94 [8h 8c]
*** PRE-FLOP *** 
Incognito 3 folds
Incognito 5 folds
manggy94 calls 0.01€
Incognito 2 checks
*** FLOP *** [Kd 3h 6s]
manggy94 bets 0.04€
Incognito 2 calls 0.04€
*** TURN *** [Kd 3h 6s][9c]
manggy94 bets 0.12€
Incognito 2 folds
manggy94 collected 0.23€ from pot
*** SUMMARY ***
Total pot 0.23€ | Rake 0.01€
Board: [Kd 3h 6s 9c]
Seat 1: manggy94 (small blind) won 0.23€


Winamax Poker - CashGame - HandId: #7920960-146-1441392343 - Holdem no limit (0.01€/0.02€) - 2015/09/04 18:45:43 UTC
Table: 'Aberdeen 12' 5-max (real money) Seat #1 is the button
Seat 1: manggy94 (3.16€)
Seat 2: Incognito 2 (2.07€)
Seat 3: Incognito 3 (2€)
Seat 5: Incognito 5 (2.50€)
*** ANTE/BLINDS ***
Incognito 2 posts small blind 0.01€
Incognito 3 posts big blind 0.02€
Dealt to manggy94 [2s 6s]
*** PRE-FLOP *** 
Incognito 5 folds
manggy94 folds
Incognito 2 calls 0.01€
Incognito 3 checks
*** FLOP *** [7d Ac 9s]
Incognito 2 checks
Incognito 3 checks
*** TURN *** [7d Ac 9s][9d]
Incognito 2 bets 0.02€
Incognito 3 folds
Incognito 2 collected 0.06€ from pot
*** SUMMARY ***
Total pot 0.06€ | No rake
Board: [7d Ac 9s 9d]
Seat 2: Incognito 2 (small blind) won 0.06€


Winamax Poker - CashGame - HandId: #7920960-147-1441392389 - Holdem no limit (0.01€/0.02€) - 2015/09/04 18:46:29 UTC
Table: 'Aberdeen 12' 5-max (real money) Seat #2 is the button
Seat 1: manggy94 (3.16€)
Seat 2: Incognito 2 (2.09€)
Seat 3: Incognito 3 (2€)
Seat 4: Incognito 4 (2€)
Seat 5: Incognito 5 (2.50€)
*** ANTE/BLINDS ***
Incognito 3 posts small blind 0.01€
Incognito 4 posts big blind 0.02€
Dealt to manggy94 [Ac Ad]
*** PRE-FLOP *** 
Incognito 5 folds
manggy94 calls 0.02€
Incognito 2 folds
Incognito 3 raises 0.06€ to 0.08€
Incognito 4 folds
manggy94 raises 0.18€ to 0.26€
Incognito 3 calls 0.18€
*** FLOP *** [Qs 9s Th]
Incognito 3 checks
manggy94 bets 0.54€
Incognito 3 calls 0.54€
*** TURN *** [Qs 9s Th][2c]
Incognito 3 checks
manggy94 bets 2.36€ and is all-in
Incognito 3 folds
manggy94 collected 3.87€ from pot
*** SUMMARY ***
Total pot 3.87€ | Rake 0.11€
Board: [Qs 9s Th 2c]
Seat 1: manggy94 won 3.87€


Winamax Poker - CashGame - HandId: #7920960-148-1441392432 - Holdem no limit (0.01€/0.02€) - 2015/09/04 18:47:12 UTC
Table: 'Aberdeen 12' 5-max (real money) Seat #3 is the button
Seat 1: manggy94 (3.87€)
Seat 2: Incognito 2 (2.09€)
Seat 3: Incognito 3 (2€)
Seat 4: Incognito 4 (1.98€)
Seat 5: Incognito 5 (2.50€)
*** ANTE/BLINDS ***
Incognito 4 posts small blind 0.01€
Incognito 5 posts big blind 0.02€
Dealt to manggy94 [7s Kd]
*** PRE-FLOP *** 
manggy94 folds
Incognito 2 folds
Incognito 3 raises 0.04€ to 0.06€
Incognito 4 folds
Incognito 5 folds
Incognito 3 collected 0.09€ from pot
*** SUMMARY ***
Total pot 0.09€ | No rake
Seat 3: Incognito 3 (button) won 0.09€


