Winamax Poker - Tournament "Freeroll" buyIn: Free level: 0 - HandId: #546663076657627370-1-1440616530 - Holdem no limit (10/20) - 2015/08/26 19:15:30 UTC
Table: 'Freeroll(127279916)#0233' 9-max (real money) Seat #8 is the button
Seat 1: lolobzh29670 (3000)
Seat 2: Manuela_88 (3000)
Seat 3: Li.ly (3000)
Seat 4: Praslin31 (3000)
Seat 5: michel23 (3000)
Seat 6: manggy94 (3000)
Seat 7: lasuja69 (3000)
Seat 8: Zouk zouk 95 (3000)
Seat 9: bagda07 (3000)
*** ANTE/BLINDS ***
bagda07 posts small blind 10
lolobzh29670 posts big blind 20
Dealt to manggy94 [2d Qd]
*** PRE-FLOP *** 
Manuela_88 folds
Li.ly calls 20
Praslin31 calls 20
michel23 folds
manggy94 folds
lasuja69 calls 20
Zouk zouk 95 folds
bagda07 calls 10
lolobzh29670 checks
*** FLOP *** [Ks Qh 3h]
bagda07 checks
lolobzh29670 checks
Li.ly bets 132
Praslin31 calls 132
lasuja69 folds
bagda07 folds
lolobzh29670 folds
*** TURN *** [Ks Qh 3h][Kc]
Li.ly bets 159
Praslin31 raises 159 to 318
Li.ly calls 159
*** RIVER *** [Ks Qh 3h Kc][7s]
Li.ly bets 272
Praslin31 raises 272 to 544
Li.ly calls 272
*** SHOW DOWN ***
Praslin31 shows [6h Kd] (Trips of Kings)
Li.ly shows [Td Kh] (Trips of Kings)
Li.ly collected 2088 from pot
*** SUMMARY ***
Total pot 2088 | No rake
Board: [Ks Qh 3h Kc 7s]
Seat 3: Li.ly showed [Td Kh] and won 2088 with Trips of Kings
Seat 4: Praslin31 showed [6h Kd] and lost with Trips of Kings


Winamax Poker - Tournament "Freeroll" buyIn: Free level: 1 - HandId: #546663076657627370-2-1440616788 - Holdem no limit (15/30) - 2015/08/26 19:19:48 UTC
Table: 'Freeroll(127279916)#0233' 9-max (real money) Seat #9 is the button
Seat 1: lolobzh29670 (2980)
Seat 2: Manuela_88 (3000)
Seat 3: Li.ly (4074)
Seat 4: Praslin31 (1986)
Seat 5: michel23 (3000)
Seat 6: manggy94 (3000)
Seat 7: lasuja69 (2980)
Seat 8: Zouk zouk 95 (3000)
Seat 9: bagda07 (2980)
*** ANTE/BLINDS ***
lolobzh29670 posts small blind 15
Manuela_88 posts big blind 30
Dealt to manggy94 [4c 9d]
*** PRE-FLOP *** 
Li.ly calls 30
Praslin31 calls 30
michel23 folds
manggy94 folds
lasuja69 calls 30
Zouk zouk 95 folds
bagda07 raises 180 to 210
lolobzh29670 calls 195
Manuela_88 calls 180
Li.ly calls 180
Praslin31 calls 180
lasuja69 calls 180
*** FLOP *** [2c 8s Ts]
lolobzh29670 bets 1260
Manuela_88 folds
Li.ly folds
Praslin31 folds
lasuja69 calls 1260
bagda07 raises 1510 to 2770 and is all-in
lolobzh29670 calls 1510 and is all-in
lasuja69 calls 1510 and is all-in
*** TURN *** [2c 8s Ts][9c]
*** RIVER *** [2c 8s Ts 9c][9s]
*** SHOW DOWN ***
lasuja69 shows [8h Jh] (Two pairs : 9 and 8)
bagda07 shows [Th 7h] (Two pairs : Tens and 9)
lolobzh29670 shows [Tc Jd] (Two pairs : Tens and 9)
lolobzh29670 collected 9570 from pot
*** SUMMARY ***
Total pot 9570 | No rake
Board: [2c 8s Ts 9c 9s]
Seat 1: lolobzh29670 (small blind) showed [Tc Jd] and won 9570 with Two pairs : Tens and 9
Seat 7: lasuja69 showed [8h Jh] and lost with Two pairs : 9 and 8
Seat 9: bagda07 (button) showed [Th 7h] and lost with Two pairs : Tens and 9


Winamax Poker - Tournament "Freeroll" buyIn: Free level: 2 - HandId: #546663076657627370-3-1440616918 - Holdem no limit (20/40) - 2015/08/26 19:21:58 UTC
Table: 'Freeroll(127279916)#0233' 9-max (real money) Seat #1 is the button
Seat 1: lolobzh29670 (9570)
Seat 2: Manuela_88 (2790)
Seat 3: Li.ly (3864)
Seat 4: Praslin31 (1776)
Seat 5: michel23 (3000)
Seat 6: manggy94 (3000)
Seat 7: Mikeweed (2990)
Seat 8: Zouk zouk 95 (3000)
Seat 9: gege zx 10 (2770)
*** ANTE/BLINDS ***
Manuela_88 posts small blind 20
Li.ly posts big blind 40
Dealt to manggy94 [3h 6d]
*** PRE-FLOP *** 
Praslin31 folds
michel23 folds
manggy94 folds
Mikeweed folds
Zouk zouk 95 folds
gege zx 10 calls 40
lolobzh29670 raises 120 to 160
Manuela_88 folds
Li.ly calls 120
gege zx 10 calls 120
*** FLOP *** [2c Jh Ac]
Li.ly checks
gege zx 10 bets 40
lolobzh29670 calls 40
Li.ly folds
*** TURN *** [2c Jh Ac][6s]
gege zx 10 bets 40
lolobzh29670 calls 40
*** RIVER *** [2c Jh Ac 6s][Ks]
gege zx 10 bets 40
lolobzh29670 calls 40
*** SHOW DOWN ***
lolobzh29670 shows [Jc Qs] (One pair : Jacks)
gege zx 10 shows [4d As] (One pair : Aces)
gege zx 10 collected 740 from pot
*** SUMMARY ***
Total pot 740 | No rake
Board: [2c Jh Ac 6s Ks]
Seat 1: lolobzh29670 (button) showed [Jc Qs] and lost with One pair : Jacks
Seat 9: gege zx 10 showed [4d As] and won 740 with One pair : Aces


Winamax Poker - Tournament "Freeroll" buyIn: Free level: 2 - HandId: #546663076657627370-4-1440617013 - Holdem no limit (20/40) - 2015/08/26 19:23:33 UTC
Table: 'Freeroll(127279916)#0233' 9-max (real money) Seat #2 is the button
Seat 1: lolobzh29670 (9290)
Seat 2: Manuela_88 (2770)
Seat 3: Li.ly (3704)
Seat 4: Praslin31 (1776)
Seat 5: michel23 (3000)
Seat 6: manggy94 (3000)
Seat 7: Mikeweed (2990)
Seat 8: Zouk zouk 95 (3000)
Seat 9: gege zx 10 (3230)
*** ANTE/BLINDS ***
Li.ly posts small blind 20
Praslin31 posts big blind 40
Dealt to manggy94 [9c 2d]
*** PRE-FLOP *** 
michel23 folds
manggy94 folds
Mikeweed folds
Zouk zouk 95 folds
gege zx 10 calls 40
lolobzh29670 calls 40
Manuela_88 folds
Li.ly calls 20
Praslin31 checks
*** FLOP *** [8d 5s Tc]
Li.ly checks
Praslin31 checks
gege zx 10 bets 80
lolobzh29670 calls 80
Li.ly calls 80
Praslin31 folds
*** TURN *** [8d 5s Tc][6c]
Li.ly checks
gege zx 10 bets 40
lolobzh29670 calls 40
Li.ly calls 40
*** RIVER *** [8d 5s Tc 6c][6h]
Li.ly bets 841
gege zx 10 folds
lolobzh29670 folds
Li.ly collected 1361 from pot
*** SUMMARY ***
Total pot 1361 | No rake
Board: [8d 5s Tc 6c 6h]
Seat 3: Li.ly (small blind) won 1361


Winamax Poker - Tournament "Freeroll" buyIn: Free level: 3 - HandId: #546663076657627370-5-1440617144 - Holdem no limit (30/60) - 2015/08/26 19:25:44 UTC
Table: 'Freeroll(127279916)#0233' 9-max (real money) Seat #3 is the button
Seat 1: lolobzh29670 (9130)
Seat 2: Manuela_88 (2770)
Seat 3: Li.ly (4064)
Seat 4: Praslin31 (1736)
Seat 5: michel23 (3000)
Seat 6: manggy94 (3000)
Seat 7: Mikeweed (2990)
Seat 8: Elrik666 (2955)
Seat 9: gege zx 10 (3070)
*** ANTE/BLINDS ***
Praslin31 posts small blind 30
michel23 posts big blind 60
Dealt to manggy94 [9c 4s]
*** PRE-FLOP *** 
manggy94 folds
Mikeweed folds
Elrik666 folds
gege zx 10 calls 60
lolobzh29670 folds
Manuela_88 folds
Li.ly calls 60
Praslin31 calls 30
michel23 checks
*** FLOP *** [3h Ah 2d]
Praslin31 checks
michel23 checks
gege zx 10 checks
Li.ly checks
*** TURN *** [3h Ah 2d][8s]
Praslin31 checks
michel23 bets 60
gege zx 10 folds
Li.ly folds
Praslin31 folds
michel23 collected 300 from pot
*** SUMMARY ***
Total pot 300 | No rake
Board: [3h Ah 2d 8s]
Seat 5: michel23 (big blind) won 300


Winamax Poker - Tournament "Freeroll" buyIn: Free level: 3 - HandId: #546663076657628005-1-1440617234 - Holdem no limit (30/60) - 2015/08/26 19:27:14 UTC
Table: 'Freeroll(127279916)#0868' 9-max (real money) Seat #2 is the button
Seat 1: Li.ly (4004)
Seat 2: Praslin31 (1676)
Seat 3: michel23 (3180)
Seat 4: manggy94 (3000)
Seat 5: Mikeweed (2990)
Seat 6: gege zx 10 (3010)
Seat 7: onnyxx (3000)
Seat 8: Elrik666 (2955)
Seat 9: KKiem21 (3000)
*** ANTE/BLINDS ***
michel23 posts small blind 30
manggy94 posts big blind 60
Dealt to manggy94 [8c 8h]
*** PRE-FLOP *** 
Mikeweed calls 60
gege zx 10 raises 60 to 120
onnyxx folds
Elrik666 folds
KKiem21 folds
Li.ly folds
Praslin31 folds
michel23 folds
manggy94 raises 330 to 450
Mikeweed calls 390
gege zx 10 calls 330
*** FLOP *** [2d 5c Jh]
manggy94 bets 2550 and is all-in
Mikeweed folds
gege zx 10 folds
manggy94 collected 3930 from pot
*** SUMMARY ***
Total pot 3930 | No rake
Board: [2d 5c Jh]
Seat 4: manggy94 (big blind) won 3930


Winamax Poker - Tournament "Freeroll" buyIn: Free level: 4 - HandId: #546663076657628005-2-1440617326 - Holdem no limit (40/80) - 2015/08/26 19:28:46 UTC
Table: 'Freeroll(127279916)#0868' 9-max (real money) Seat #3 is the button
Seat 1: Li.ly (4004)
Seat 2: Praslin31 (1676)
Seat 3: michel23 (3150)
Seat 4: manggy94 (3930)
Seat 5: Mikeweed (2540)
Seat 6: gege zx 10 (2560)
Seat 7: onnyxx (3000)
Seat 8: Elrik666 (2955)
Seat 9: Eldutcher (3000)
*** ANTE/BLINDS ***
manggy94 posts small blind 40
Mikeweed posts big blind 80
Dealt to manggy94 [4h 6d]
*** PRE-FLOP *** 
gege zx 10 calls 80
onnyxx folds
Elrik666 calls 80
Eldutcher raises 2920 to 3000 and is all-in
Li.ly folds
Praslin31 folds
michel23 folds
manggy94 folds
Mikeweed folds
gege zx 10 folds
Elrik666 folds
Eldutcher collected 3280 from pot
*** SUMMARY ***
Total pot 3280 | No rake
Seat 9: Eldutcher won 3280


Winamax Poker - Tournament "Freeroll" buyIn: Free level: 4 - HandId: #546663076657628005-3-1440617376 - Holdem no limit (40/80) - 2015/08/26 19:29:36 UTC
Table: 'Freeroll(127279916)#0868' 9-max (real money) Seat #4 is the button
Seat 1: Li.ly (4004)
Seat 2: Praslin31 (1676)
Seat 3: michel23 (3150)
Seat 4: manggy94 (3890)
Seat 5: Mikeweed (2460)
Seat 6: gege zx 10 (2480)
Seat 7: onnyxx (3000)
Seat 8: Elrik666 (2875)
Seat 9: Eldutcher (3280)
*** ANTE/BLINDS ***
Mikeweed posts small blind 40
gege zx 10 posts big blind 80
Dealt to manggy94 [3d 2s]
*** PRE-FLOP *** 
onnyxx calls 80
Elrik666 calls 80
Eldutcher raises 3200 to 3280 and is all-in
Li.ly folds
Praslin31 folds
michel23 folds
manggy94 folds
Mikeweed folds
gege zx 10 folds
onnyxx calls 2920 and is all-in
Elrik666 folds
*** FLOP *** [7h 7s Jh]
*** TURN *** [7h 7s Jh][5h]
*** RIVER *** [7h 7s Jh 5h][9c]
*** SHOW DOWN ***
onnyxx shows [Ks Qc] (One pair : 7)
Eldutcher shows [Th Td] (Two pairs : Tens and 7)
Eldutcher collected 6480 from pot
*** SUMMARY ***
Total pot 6480 | No rake
Board: [7h 7s Jh 5h 9c]
Seat 7: onnyxx showed [Ks Qc] and lost with One pair : 7
Seat 9: Eldutcher showed [Th Td] and won 6480 with Two pairs : Tens and 7


Winamax Poker - Tournament "Freeroll" buyIn: Free level: 5 - HandId: #546663076657628005-4-1440617430 - Holdem no limit (60/120) - 2015/08/26 19:30:30 UTC
Table: 'Freeroll(127279916)#0868' 9-max (real money) Seat #5 is the button
Seat 1: Li.ly (4004)
Seat 2: Praslin31 (1676)
Seat 3: michel23 (3150)
Seat 4: manggy94 (3890)
Seat 5: Mikeweed (2420)
Seat 6: gege zx 10 (2400)
Seat 7: kshmir69 (3000)
Seat 8: Elrik666 (2795)
Seat 9: Eldutcher (6480)
*** ANTE/BLINDS ***
gege zx 10 posts small blind 60
kshmir69 posts big blind 120
Dealt to manggy94 [2s 3s]
*** PRE-FLOP *** 
Elrik666 folds
Eldutcher calls 120
Li.ly calls 120
Praslin31 folds
michel23 folds
manggy94 calls 120
Mikeweed folds
gege zx 10 folds
kshmir69 checks
*** FLOP *** [4c Ks 4d]
kshmir69 checks
Eldutcher checks
Li.ly checks
manggy94 checks
*** TURN *** [4c Ks 4d][8c]
kshmir69 checks
Eldutcher checks
Li.ly checks
manggy94 checks
*** RIVER *** [4c Ks 4d 8c][4h]
kshmir69 checks
Eldutcher checks
Li.ly checks
manggy94 checks
*** SHOW DOWN ***
manggy94 shows [2s 3s] (Trips of 4)
kshmir69 shows [3h 5d] (Trips of 4)
Eldutcher shows [5s Js] (Trips of 4)
Li.ly shows [9s Qc] (Trips of 4)
Li.ly collected 540 from pot
*** SUMMARY ***
Total pot 540 | No rake
Board: [4c Ks 4d 8c 4h]
Seat 1: Li.ly showed [9s Qc] and won 540 with Trips of 4
Seat 4: manggy94 showed [2s 3s] and lost with Trips of 4
Seat 7: kshmir69 (big blind) showed [3h 5d] and lost with Trips of 4
Seat 9: Eldutcher showed [5s Js] and lost with Trips of 4


Winamax Poker - Tournament "Freeroll" buyIn: Free level: 5 - HandId: #546663076657628005-5-1440617531 - Holdem no limit (60/120) - 2015/08/26 19:32:11 UTC
Table: 'Freeroll(127279916)#0868' 9-max (real money) Seat #6 is the button
Seat 1: Li.ly (4424)
Seat 2: Praslin31 (1676)
Seat 3: michel23 (3150)
Seat 4: manggy94 (3770)
Seat 5: Mikeweed (2420)
Seat 6: gege zx 10 (2340)
Seat 7: kshmir69 (2880)
Seat 8: Elrik666 (2795)
Seat 9: Eldutcher (6360)
*** ANTE/BLINDS ***
kshmir69 posts small blind 60
Elrik666 posts big blind 120
Dealt to manggy94 [3h 8h]
*** PRE-FLOP *** 
Eldutcher folds
Li.ly folds
Praslin31 folds
michel23 folds
manggy94 folds
Mikeweed folds
gege zx 10 raises 120 to 240
kshmir69 calls 180
Elrik666 folds
*** FLOP *** [Qs 7d 5c]
kshmir69 bets 120
gege zx 10 calls 120
*** TURN *** [Qs 7d 5c][5h]
kshmir69 checks
gege zx 10 bets 420
kshmir69 raises 2100 to 2520 and is all-in
gege zx 10 folds
kshmir69 collected 3780 from pot
*** SUMMARY ***
Total pot 3780 | No rake
Board: [Qs 7d 5c 5h]
Seat 7: kshmir69 (small blind) won 3780


Winamax Poker - Tournament "Freeroll" buyIn: Free level: 6 - HandId: #546663076657628005-6-1440617617 - Holdem no limit (10/60/120) - 2015/08/26 19:33:37 UTC
Table: 'Freeroll(127279916)#0868' 9-max (real money) Seat #7 is the button
Seat 1: Li.ly (4424)
Seat 2: Praslin31 (1676)
Seat 3: michel23 (3150)
Seat 4: manggy94 (3770)
Seat 5: Mikeweed (2420)
Seat 6: gege zx 10 (1560)
Seat 7: kshmir69 (3780)
Seat 8: Elrik666 (2675)
*** ANTE/BLINDS ***
Elrik666 posts ante 10
Li.ly posts ante 10
Praslin31 posts ante 10
michel23 posts ante 10
manggy94 posts ante 10
Mikeweed posts ante 10
gege zx 10 posts ante 10
kshmir69 posts ante 10
Elrik666 posts small blind 60
Li.ly posts big blind 120
Dealt to manggy94 [3s 4s]
*** PRE-FLOP *** 
Praslin31 calls 120
michel23 folds
manggy94 calls 120
Mikeweed folds
gege zx 10 folds
kshmir69 calls 120
Elrik666 folds
Li.ly checks
*** FLOP *** [7c Ah 9h]
Li.ly checks
Praslin31 checks
manggy94 checks
kshmir69 bets 620
Li.ly folds
Praslin31 calls 620
manggy94 folds
*** TURN *** [7c Ah 9h][4c]
Praslin31 checks
kshmir69 checks
*** RIVER *** [7c Ah 9h 4c][2h]
Praslin31 bets 120
kshmir69 raises 2910 to 3030 and is all-in
Praslin31 calls 806 and is all-in
*** SHOW DOWN ***
Praslin31 shows [Kh Th] (Flush Ace high)
kshmir69 shows [8c As] (One pair : Aces)
kshmir69 collected 2104 from side pot 1
Praslin31 collected 3712 from main pot
*** SUMMARY ***
Total pot 5816 | No rake
Board: [7c Ah 9h 4c 2h]
Seat 2: Praslin31 showed [Kh Th] and won 3712 with Flush Ace high
Seat 7: kshmir69 (button) showed [8c As] and won 2104 with One pair : Aces


Winamax Poker - Tournament "Freeroll" buyIn: Free level: 6 - HandId: #546663076657627145-15-1440617726 - Holdem no limit (10/60/120) - 2015/08/26 19:35:26 UTC
Table: 'Freeroll(127279916)#0008' 9-max (real money) Seat #8 is the button
Seat 1: manggy94 (3640)
Seat 2: piKpoKoeur (7175)
Seat 3: Nathmar (8460)
Seat 4: -pasta- (5215)
Seat 5: ARTHURE33 (2410)
Seat 6: giani88 (4230)
Seat 7: PluieDetoile (2510)
Seat 8: abs78200 (2800)
Seat 9: Jeunie (5080)
*** ANTE/BLINDS ***
Jeunie posts ante 10
manggy94 posts ante 10
piKpoKoeur posts ante 10
Nathmar posts ante 10
-pasta- posts ante 10
ARTHURE33 posts ante 10
giani88 posts ante 10
PluieDetoile posts ante 10
abs78200 posts ante 10
Jeunie posts small blind 60
manggy94 posts big blind 120
Dealt to manggy94 [Kh 3c]
*** PRE-FLOP *** 
piKpoKoeur folds
Nathmar folds
-pasta- calls 120
ARTHURE33 calls 120
giani88 calls 120
PluieDetoile folds
abs78200 folds
Jeunie calls 60
manggy94 checks
*** FLOP *** [9d Jh Jd]
Jeunie bets 120
manggy94 folds
-pasta- calls 120
ARTHURE33 folds
giani88 raises 120 to 240
Jeunie raises 120 to 360
-pasta- calls 240
giani88 calls 120
*** TURN *** [9d Jh Jd][Kc]
Jeunie bets 120
-pasta- calls 120
giani88 raises 2130 to 2250
Jeunie calls 2130
-pasta- folds
*** RIVER *** [9d Jh Jd Kc][6s]
Jeunie bets 120
giani88 raises 1370 to 1490 and is all-in
Jeunie calls 1370
*** SHOW DOWN ***
giani88 shows [Js Qh] (Trips of Jacks)
Jeunie shows [Jc Ah] (Trips of Jacks)
Jeunie collected 9370 from pot
*** SUMMARY ***
Total pot 9370 | No rake
Board: [9d Jh Jd Kc 6s]
Seat 6: giani88 showed [Js Qh] and lost with Trips of Jacks
Seat 9: Jeunie (small blind) showed [Jc Ah] and won 9370 with Trips of Jacks


Winamax Poker - Tournament "Freeroll" buyIn: Free level: 7 - HandId: #546663076657627145-16-1440617842 - Holdem no limit (15/75/150) - 2015/08/26 19:37:22 UTC
Table: 'Freeroll(127279916)#0008' 9-max (real money) Seat #9 is the button
Seat 1: manggy94 (3510)
Seat 2: piKpoKoeur (7165)
Seat 3: Nathmar (8450)
Seat 4: -pasta- (4605)
Seat 5: ARTHURE33 (2280)
Seat 6: cyrillou292 (2845)
Seat 7: PluieDetoile (2500)
Seat 8: abs78200 (2790)
Seat 9: Jeunie (10220)
*** ANTE/BLINDS ***
manggy94 posts ante 15
piKpoKoeur posts ante 15
Nathmar posts ante 15
-pasta- posts ante 15
ARTHURE33 posts ante 15
cyrillou292 posts ante 15
PluieDetoile posts ante 15
abs78200 posts ante 15
Jeunie posts ante 15
manggy94 posts small blind 75
piKpoKoeur posts big blind 150
Dealt to manggy94 [8d 2c]
*** PRE-FLOP *** 
Nathmar raises 8285 to 8435 and is all-in
-pasta- folds
ARTHURE33 folds
cyrillou292 folds
PluieDetoile folds
abs78200 folds
Jeunie folds
manggy94 folds
piKpoKoeur folds
Nathmar collected 8795 from pot
*** SUMMARY ***
Total pot 8795 | No rake
Seat 3: Nathmar won 8795


Winamax Poker - Tournament "Freeroll" buyIn: Free level: 7 - HandId: #546663076657627145-17-1440617916 - Holdem no limit (15/75/150) - 2015/08/26 19:38:36 UTC
Table: 'Freeroll(127279916)#0008' 9-max (real money) Seat #1 is the button
Seat 1: manggy94 (3420)
Seat 2: piKpoKoeur (7000)
Seat 3: Nathmar (8795)
Seat 4: -pasta- (4590)
Seat 5: ARTHURE33 (2265)
Seat 6: cyrillou292 (2830)
Seat 7: PluieDetoile (2485)
Seat 8: abs78200 (2775)
Seat 9: Jeunie (10205)
*** ANTE/BLINDS ***
piKpoKoeur posts ante 15
Nathmar posts ante 15
manggy94 posts ante 15
-pasta- posts ante 15
ARTHURE33 posts ante 15
cyrillou292 posts ante 15
PluieDetoile posts ante 15
abs78200 posts ante 15
Jeunie posts ante 15
piKpoKoeur posts small blind 75
Nathmar posts big blind 150
Dealt to manggy94 [8c Ah]
*** PRE-FLOP *** 
-pasta- calls 150
ARTHURE33 calls 150
cyrillou292 raises 2665 to 2815 and is all-in
PluieDetoile folds
abs78200 folds
Jeunie folds
manggy94 folds
piKpoKoeur folds
Nathmar calls 2665
-pasta- raises 1760 to 4575 and is all-in
ARTHURE33 folds
Nathmar calls 1760
*** FLOP *** [Tc 4s 6c]
*** TURN *** [Tc 4s 6c][7s]
*** RIVER *** [Tc 4s 6c 7s][Th]
*** SHOW DOWN ***
Nathmar shows [As 7h] (Two pairs : Tens and 7)
cyrillou292 shows [4c Qc] (Two pairs : Tens and 4)
-pasta- shows [Qh Td] (Trips of Tens)
-pasta- collected 12325 from pot
*** SUMMARY ***
Total pot 12325 | No rake
Board: [Tc 4s 6c 7s Th]
Seat 3: Nathmar (big blind) showed [As 7h] and lost with Two pairs : Tens and 7
Seat 4: -pasta- showed [Qh Td] and won 12325 with Trips of Tens
Seat 6: cyrillou292 showed [4c Qc] and lost with Two pairs : Tens and 4


Winamax Poker - Tournament "Freeroll" buyIn: Free level: 8 - HandId: #546663076657627145-18-1440617991 - Holdem no limit (20/100/200) - 2015/08/26 19:39:51 UTC
Table: 'Freeroll(127279916)#0008' 9-max (real money) Seat #2 is the button
Seat 1: manggy94 (3405)
Seat 2: piKpoKoeur (6910)
Seat 3: Nathmar (4205)
Seat 4: -pasta- (12325)
Seat 5: ARTHURE33 (2100)
Seat 6: visa115 (5804)
Seat 7: PluieDetoile (2470)
Seat 8: abs78200 (2760)
Seat 9: Jeunie (10190)
*** ANTE/BLINDS ***
Nathmar posts ante 20
-pasta- posts ante 20
manggy94 posts ante 20
piKpoKoeur posts ante 20
ARTHURE33 posts ante 20
visa115 posts ante 20
PluieDetoile posts ante 20
abs78200 posts ante 20
Jeunie posts ante 20
Nathmar posts small blind 100
-pasta- posts big blind 200
Dealt to manggy94 [Kd 8c]
*** PRE-FLOP *** 
ARTHURE33 raises 1880 to 2080 and is all-in
visa115 folds
PluieDetoile folds
abs78200 folds
Jeunie folds
manggy94 folds
piKpoKoeur raises 4810 to 6890 and is all-in
Nathmar calls 4085 and is all-in
-pasta- raises 5415 to 12305 and is all-in
*** FLOP *** [Js 2s Qh]
*** TURN *** [Js 2s Qh][7h]
*** RIVER *** [Js 2s Qh 7h][8h]
*** SHOW DOWN ***
Nathmar shows [Qc Tc] (One pair : Queens)
ARTHURE33 shows [Jc Ks] (One pair : Jacks)
piKpoKoeur shows [Kh Kc] (One pair : Kings)
-pasta- shows [Ac 7d] (One pair : 7)
-pasta- collected 5415 from side pot 1
piKpoKoeur collected 20225 from main pot
*** SUMMARY ***
Total pot 25640 | No rake
Board: [Js 2s Qh 7h 8h]
Seat 2: piKpoKoeur (button) showed [Kh Kc] and won 20225 with One pair : Kings
Seat 3: Nathmar (small blind) showed [Qc Tc] and lost with One pair : Queens
Seat 4: -pasta- (big blind) showed [Ac 7d] and won 5415 with One pair : 7
Seat 5: ARTHURE33 showed [Jc Ks] and lost with One pair : Jacks


Winamax Poker - Tournament "Freeroll" buyIn: Free level: 8 - HandId: #546663076657627145-19-1440618078 - Holdem no limit (20/100/200) - 2015/08/26 19:41:18 UTC
Table: 'Freeroll(127279916)#0008' 9-max (real money) Seat #3 is the button
Seat 1: manggy94 (3385)
Seat 2: piKpoKoeur (20225)
Seat 3: Karimbenzz (3745)
Seat 4: -pasta- (5415)
Seat 5: FILTONFLOUSE (2820)
Seat 6: visa115 (5784)
Seat 7: PluieDetoile (2450)
Seat 8: abs78200 (2740)
Seat 9: Jeunie (10170)
*** ANTE/BLINDS ***
-pasta- posts ante 20
FILTONFLOUSE posts ante 20
manggy94 posts ante 20
piKpoKoeur posts ante 20
visa115 posts ante 20
PluieDetoile posts ante 20
abs78200 posts ante 20
Jeunie posts ante 20
-pasta- posts small blind 100
FILTONFLOUSE posts big blind 200
Dealt to manggy94 [7c 5d]
*** PRE-FLOP *** 
visa115 folds
PluieDetoile folds
abs78200 folds
Jeunie calls 200
manggy94 folds
piKpoKoeur folds
-pasta- calls 100
FILTONFLOUSE checks
*** FLOP *** [6d 3h Td]
-pasta- checks
FILTONFLOUSE checks
Jeunie checks
*** TURN *** [6d 3h Td][8s]
-pasta- checks
FILTONFLOUSE bets 200
Jeunie folds
-pasta- calls 200
*** RIVER *** [6d 3h Td 8s][3d]
-pasta- checks
FILTONFLOUSE bets 2400 and is all-in
-pasta- calls 2400
*** SHOW DOWN ***
-pasta- shows [2h Th] (Two pairs : Tens and 3)
FILTONFLOUSE shows [8d Kd] (Flush King high)
FILTONFLOUSE collected 5960 from pot
*** SUMMARY ***
Total pot 5960 | No rake
Board: [6d 3h Td 8s 3d]
Seat 4: -pasta- (small blind) showed [2h Th] and lost with Two pairs : Tens and 3
Seat 5: FILTONFLOUSE (big blind) showed [8d Kd] and won 5960 with Flush King high


Winamax Poker - Tournament "Freeroll" buyIn: Free level: 9 - HandId: #546663076657627145-20-1440618185 - Holdem no limit (25/125/250) - 2015/08/26 19:43:05 UTC
Table: 'Freeroll(127279916)#0008' 9-max (real money) Seat #4 is the button
Seat 1: manggy94 (3365)
Seat 2: piKpoKoeur (20205)
Seat 3: Karimbenzz (3745)
Seat 4: -pasta- (2595)
Seat 5: FILTONFLOUSE (5960)
Seat 6: visa115 (5764)
Seat 7: PluieDetoile (2430)
Seat 8: abs78200 (2720)
Seat 9: Jeunie (9950)
*** ANTE/BLINDS ***
FILTONFLOUSE posts ante 25
visa115 posts ante 25
manggy94 posts ante 25
piKpoKoeur posts ante 25
Karimbenzz posts ante 25
-pasta- posts ante 25
PluieDetoile posts ante 25
abs78200 posts ante 25
Jeunie posts ante 25
FILTONFLOUSE posts small blind 125
visa115 posts big blind 250
Dealt to manggy94 [3d Td]
*** PRE-FLOP *** 
PluieDetoile folds
abs78200 folds
Jeunie calls 250
manggy94 folds
piKpoKoeur folds
Karimbenzz folds
-pasta- raises 2320 to 2570 and is all-in
FILTONFLOUSE raises 3365 to 5935 and is all-in
visa115 folds
Jeunie folds
*** FLOP *** [Kc 6c Jc]
*** TURN *** [Kc 6c Jc][4d]
*** RIVER *** [Kc 6c Jc 4d][5h]
*** SHOW DOWN ***
-pasta- shows [As Kd] (One pair : Kings)
FILTONFLOUSE shows [Qd Qh] (One pair : Queens)
FILTONFLOUSE collected 3365 from side pot 1
-pasta- collected 5865 from main pot
*** SUMMARY ***
Total pot 9230 | No rake
Board: [Kc 6c Jc 4d 5h]
Seat 4: -pasta- (button) showed [As Kd] and won 5865 with One pair : Kings
Seat 5: FILTONFLOUSE (small blind) showed [Qd Qh] and won 3365 with One pair : Queens


Winamax Poker - Tournament "Freeroll" buyIn: Free level: 9 - HandId: #546663076657627145-21-1440618221 - Holdem no limit (25/125/250) - 2015/08/26 19:43:41 UTC
Table: 'Freeroll(127279916)#0008' 9-max (real money) Seat #5 is the button
Seat 1: manggy94 (3340)
Seat 2: piKpoKoeur (20180)
Seat 3: Karimbenzz (3720)
Seat 4: -pasta- (5865)
Seat 5: FILTONFLOUSE (3365)
Seat 6: visa115 (5489)
Seat 7: PluieDetoile (2405)
Seat 8: abs78200 (2695)
Seat 9: Jeunie (9675)
*** ANTE/BLINDS ***
visa115 posts ante 25
PluieDetoile posts ante 25
manggy94 posts ante 25
piKpoKoeur posts ante 25
Karimbenzz posts ante 25
-pasta- posts ante 25
FILTONFLOUSE posts ante 25
abs78200 posts ante 25
Jeunie posts ante 25
visa115 posts small blind 125
PluieDetoile posts big blind 250
Dealt to manggy94 [4d Kc]
*** PRE-FLOP *** 
abs78200 folds
Jeunie calls 250
manggy94 calls 250
piKpoKoeur folds
Karimbenzz folds
-pasta- calls 250
FILTONFLOUSE calls 250
visa115 folds
PluieDetoile checks
*** FLOP *** [Kh 8s 6c]
PluieDetoile checks
Jeunie checks
manggy94 checks
-pasta- checks
FILTONFLOUSE checks
*** TURN *** [Kh 8s 6c][8h]
PluieDetoile checks
Jeunie checks
manggy94 bets 1600
-pasta- folds
FILTONFLOUSE folds
PluieDetoile folds
Jeunie folds
manggy94 collected 3200 from pot
*** SUMMARY ***
Total pot 3200 | No rake
Board: [Kh 8s 6c 8h]
Seat 1: manggy94 won 3200


Winamax Poker - Tournament "Freeroll" buyIn: Free level: 9 - HandId: #546663076657627145-22-1440618315 - Holdem no limit (25/125/250) - 2015/08/26 19:45:15 UTC
Table: 'Freeroll(127279916)#0008' 9-max (real money) Seat #6 is the button
Seat 1: manggy94 (4665)
Seat 2: piKpoKoeur (20155)
Seat 3: Filoouu (6160)
Seat 4: -pasta- (5590)
Seat 5: FILTONFLOUSE (3090)
Seat 6: visa115 (5339)
Seat 7: PluieDetoile (2130)
Seat 8: abs78200 (2670)
Seat 9: Jeunie (9400)
*** ANTE/BLINDS ***
PluieDetoile posts ante 25
abs78200 posts ante 25
manggy94 posts ante 25
piKpoKoeur posts ante 25
Filoouu posts ante 25
-pasta- posts ante 25
FILTONFLOUSE posts ante 25
visa115 posts ante 25
Jeunie posts ante 25
PluieDetoile posts small blind 125
abs78200 posts big blind 250
Dealt to manggy94 [Td 9s]
*** PRE-FLOP *** 
Jeunie calls 250
manggy94 folds
piKpoKoeur folds
Filoouu folds
-pasta- folds
FILTONFLOUSE folds
visa115 folds
PluieDetoile folds
abs78200 folds
Jeunie collected 850 from pot
*** SUMMARY ***
Total pot 850 | No rake
Seat 9: Jeunie won 850


Winamax Poker - Tournament "Freeroll" buyIn: Free level: 10 - HandId: #546663076657627145-23-1440618351 - Holdem no limit (35/150/300) - 2015/08/26 19:45:51 UTC
Table: 'Freeroll(127279916)#0008' 9-max (real money) Seat #7 is the button
Seat 1: manggy94 (4640)
Seat 2: piKpoKoeur (20130)
Seat 3: Filoouu (6135)
Seat 4: -pasta- (5565)
Seat 5: FILTONFLOUSE (3065)
Seat 6: visa115 (5314)
Seat 7: PluieDetoile (1980)
Seat 8: abs78200 (2395)
Seat 9: Jeunie (9975)
*** ANTE/BLINDS ***
abs78200 posts ante 35
Jeunie posts ante 35
manggy94 posts ante 35
piKpoKoeur posts ante 35
Filoouu posts ante 35
-pasta- posts ante 35
FILTONFLOUSE posts ante 35
visa115 posts ante 35
PluieDetoile posts ante 35
abs78200 posts small blind 150
Jeunie posts big blind 300
Dealt to manggy94 [Jh 3s]
*** PRE-FLOP *** 
manggy94 folds
piKpoKoeur folds
Filoouu calls 300
-pasta- folds
FILTONFLOUSE folds
visa115 folds
PluieDetoile folds
abs78200 folds
Jeunie checks
*** FLOP *** [3c Kc Ks]
Jeunie checks
Filoouu checks
*** TURN *** [3c Kc Ks][5d]
Jeunie checks
Filoouu bets 300
Jeunie folds
Filoouu shows [9h 9c] (Two pairs : Kings and 9)
Filoouu collected 1365 from pot
*** SUMMARY ***
Total pot 1365 | No rake
Board: [3c Kc Ks 5d]
Seat 3: Filoouu showed [9h 9c] and won 1365 with Two pairs : Kings and 9


Winamax Poker - Tournament "Freeroll" buyIn: Free level: 10 - HandId: #546663076657627145-24-1440618412 - Holdem no limit (35/150/300) - 2015/08/26 19:46:52 UTC
Table: 'Freeroll(127279916)#0008' 9-max (real money) Seat #8 is the button
Seat 1: manggy94 (4605)
Seat 2: Hako45 (2200)
Seat 3: Filoouu (6865)
Seat 4: -pasta- (5530)
Seat 5: FILTONFLOUSE (3030)
Seat 6: visa115 (5279)
Seat 7: PluieDetoile (1945)
Seat 8: abs78200 (2210)
Seat 9: Jeunie (9640)
*** ANTE/BLINDS ***
Jeunie posts ante 35
manggy94 posts ante 35
Hako45 posts ante 35
Filoouu posts ante 35
-pasta- posts ante 35
FILTONFLOUSE posts ante 35
visa115 posts ante 35
PluieDetoile posts ante 35
abs78200 posts ante 35
Jeunie posts small blind 150
manggy94 posts big blind 300
Dealt to manggy94 [4h 9d]
*** PRE-FLOP *** 
Hako45 folds
Filoouu calls 300
-pasta- raises 5195 to 5495 and is all-in
FILTONFLOUSE folds
visa115 folds
PluieDetoile folds
abs78200 folds
Jeunie folds
manggy94 folds
Filoouu folds
-pasta- collected 6560 from pot
*** SUMMARY ***
Total pot 6560 | No rake
Seat 4: -pasta- won 6560


Winamax Poker - Tournament "Freeroll" buyIn: Free level: 10 - HandId: #546663076657627145-25-1440618457 - Holdem no limit (35/150/300) - 2015/08/26 19:47:37 UTC
Table: 'Freeroll(127279916)#0008' 9-max (real money) Seat #9 is the button
Seat 1: manggy94 (4270)
Seat 2: Hako45 (2165)
Seat 3: Filoouu (6530)
Seat 4: -pasta- (6560)
Seat 5: FILTONFLOUSE (2995)
Seat 6: visa115 (5244)
Seat 7: PluieDetoile (1910)
Seat 8: abs78200 (2175)
Seat 9: Jeunie (9455)
*** ANTE/BLINDS ***
manggy94 posts ante 35
Hako45 posts ante 35
Filoouu posts ante 35
-pasta- posts ante 35
FILTONFLOUSE posts ante 35
visa115 posts ante 35
PluieDetoile posts ante 35
abs78200 posts ante 35
Jeunie posts ante 35
manggy94 posts small blind 150
Hako45 posts big blind 300
Dealt to manggy94 [Th 2c]
*** PRE-FLOP *** 
Filoouu folds
-pasta- folds
FILTONFLOUSE raises 450 to 750
visa115 folds
PluieDetoile folds
abs78200 folds
Jeunie calls 750
manggy94 folds
Hako45 calls 450
*** FLOP *** [Kc 6s Qd]
Hako45 checks
FILTONFLOUSE checks
Jeunie bets 300
Hako45 folds
FILTONFLOUSE calls 300
*** TURN *** [Kc 6s Qd][2s]
FILTONFLOUSE checks
Jeunie bets 300
FILTONFLOUSE calls 300
*** RIVER *** [Kc 6s Qd 2s][5h]
FILTONFLOUSE checks
Jeunie bets 300
FILTONFLOUSE folds
Jeunie collected 4215 from pot
*** SUMMARY ***
Total pot 4215 | No rake
Board: [Kc 6s Qd 2s 5h]
Seat 9: Jeunie (button) won 4215


Winamax Poker - Tournament "Freeroll" buyIn: Free level: 11 - HandId: #546663076657627145-26-1440618524 - Holdem no limit (40/200/400) - 2015/08/26 19:48:44 UTC
Table: 'Freeroll(127279916)#0008' 9-max (real money) Seat #1 is the button
Seat 1: manggy94 (4085)
Seat 2: Hako45 (1380)
Seat 3: Filoouu (6495)
Seat 4: -pasta- (6525)
Seat 5: FILTONFLOUSE (1610)
Seat 6: visa115 (5209)
Seat 7: PluieDetoile (1875)
Seat 8: abs78200 (2140)
Seat 9: eskoner (3650)
*** ANTE/BLINDS ***
Hako45 posts ante 40
Filoouu posts ante 40
manggy94 posts ante 40
-pasta- posts ante 40
FILTONFLOUSE posts ante 40
visa115 posts ante 40
PluieDetoile posts ante 40
abs78200 posts ante 40
eskoner posts ante 40
Hako45 posts small blind 200
Filoouu posts big blind 400
Dealt to manggy94 [9h 8d]
*** PRE-FLOP *** 
-pasta- calls 400
FILTONFLOUSE raises 1170 to 1570 and is all-in
visa115 folds
PluieDetoile folds
abs78200 folds
eskoner folds
manggy94 folds
Hako45 folds
Filoouu folds
-pasta- raises 1170 to 2740
*** FLOP *** [Ts 5c 8s]
*** TURN *** [Ts 5c 8s][3h]
*** RIVER *** [Ts 5c 8s 3h][2d]
*** SHOW DOWN ***
FILTONFLOUSE shows [6c 7c] (High card : Ten)
-pasta- shows [4h 4d] (One pair : 4)
-pasta- collected 5270 from pot
*** SUMMARY ***
Total pot 5270 | No rake
Board: [Ts 5c 8s 3h 2d]
Seat 4: -pasta- showed [4h 4d] and won 5270 with One pair : 4
Seat 5: FILTONFLOUSE showed [6c 7c] and lost with High card : Ten


Winamax Poker - Tournament "Freeroll" buyIn: Free level: 11 - HandId: #546663076657627145-27-1440618564 - Holdem no limit (40/200/400) - 2015/08/26 19:49:24 UTC
Table: 'Freeroll(127279916)#0008' 9-max (real money) Seat #2 is the button
Seat 1: manggy94 (4045)
Seat 2: Hako45 (1140)
Seat 3: Filoouu (6055)
Seat 4: -pasta- (9015)
Seat 6: visa115 (5169)
Seat 7: PluieDetoile (1835)
Seat 8: abs78200 (2100)
Seat 9: eskoner (3610)
*** ANTE/BLINDS ***
Filoouu posts ante 40
-pasta- posts ante 40
manggy94 posts ante 40
Hako45 posts ante 40
visa115 posts ante 40
PluieDetoile posts ante 40
abs78200 posts ante 40
eskoner posts ante 40
Filoouu posts small blind 200
-pasta- posts big blind 400
Dealt to manggy94 [9d 8h]
*** PRE-FLOP *** 
visa115 folds
PluieDetoile folds
abs78200 folds
eskoner folds
manggy94 folds
Hako45 calls 400
Filoouu calls 200
-pasta- checks
*** FLOP *** [Ac 9c As]
Filoouu checks
-pasta- checks
Hako45 checks
*** TURN *** [Ac 9c As][4c]
Filoouu checks
-pasta- checks
Hako45 checks
*** RIVER *** [Ac 9c As 4c][3c]
Filoouu bets 400
-pasta- folds
Hako45 folds
Filoouu shows [Qd Jc] (Flush Ace high)
Filoouu collected 1920 from pot
*** SUMMARY ***
Total pot 1920 | No rake
Board: [Ac 9c As 4c 3c]
Seat 3: Filoouu (small blind) showed [Qd Jc] and won 1920 with Flush Ace high


Winamax Poker - Tournament "Freeroll" buyIn: Free level: 11 - HandId: #546663076657627145-28-1440618634 - Holdem no limit (40/200/400) - 2015/08/26 19:50:34 UTC
Table: 'Freeroll(127279916)#0008' 9-max (real money) Seat #3 is the button
Seat 1: manggy94 (4005)
Seat 2: Hako45 (700)
Seat 3: Filoouu (7135)
Seat 4: -pasta- (8575)
Seat 5: crumble75 (4403)
Seat 6: visa115 (5129)
Seat 7: PluieDetoile (1795)
Seat 8: abs78200 (2060)
Seat 9: eskoner (3570)
*** ANTE/BLINDS ***
-pasta- posts ante 40
crumble75 posts ante 40
manggy94 posts ante 40
Hako45 posts ante 40
Filoouu posts ante 40
visa115 posts ante 40
PluieDetoile posts ante 40
abs78200 posts ante 40
eskoner posts ante 40
-pasta- posts small blind 200
crumble75 posts big blind 400
Dealt to manggy94 [5s 2d]
*** PRE-FLOP *** 
visa115 folds
PluieDetoile folds
abs78200 folds
eskoner folds
manggy94 folds
Hako45 raises 260 to 660 and is all-in
Filoouu calls 660
-pasta- folds
crumble75 calls 260
*** FLOP *** [8d 6d 3h]
crumble75 checks
Filoouu checks
*** TURN *** [8d 6d 3h][6c]
crumble75 checks
Filoouu bets 400
crumble75 folds
*** RIVER *** [8d 6d 3h 6c][Jc]
*** SHOW DOWN ***
Hako45 shows [Ad Js] (Two pairs : Jacks and 6)
Filoouu shows [As 8h] (Two pairs : 8 and 6)
Filoouu collected 400 from side pot 1
Hako45 collected 2540 from main pot
*** SUMMARY ***
Total pot 2940 | No rake
Board: [8d 6d 3h 6c Jc]
Seat 2: Hako45 showed [Ad Js] and won 2540 with Two pairs : Jacks and 6
Seat 3: Filoouu (button) showed [As 8h] and won 400 with Two pairs : 8 and 6


Winamax Poker - Tournament "Freeroll" buyIn: Free level: 12 - HandId: #546663076657627145-29-1440618752 - Holdem no limit (50/250/500) - 2015/08/26 19:52:32 UTC
Table: 'Freeroll(127279916)#0008' 9-max (real money) Seat #4 is the button
Seat 1: manggy94 (3965)
Seat 2: Hako45 (2540)
Seat 3: Filoouu (6435)
Seat 4: -pasta- (8335)
Seat 5: crumble75 (3703)
Seat 6: visa115 (5089)
Seat 7: PluieDetoile (1755)
Seat 8: abs78200 (2020)
Seat 9: eskoner (3530)
*** ANTE/BLINDS ***
crumble75 posts ante 50
visa115 posts ante 50
manggy94 posts ante 50
Hako45 posts ante 50
Filoouu posts ante 50
-pasta- posts ante 50
PluieDetoile posts ante 50
abs78200 posts ante 50
eskoner posts ante 50
crumble75 posts small blind 250
visa115 posts big blind 500
Dealt to manggy94 [Jc Qs]
*** PRE-FLOP *** 
PluieDetoile folds
abs78200 folds
eskoner calls 500
manggy94 calls 500
Hako45 raises 1990 to 2490 and is all-in
Filoouu folds
-pasta- folds
crumble75 folds
visa115 folds
eskoner calls 1990
manggy94 folds
*** FLOP *** [9c Ah 8d]
*** TURN *** [9c Ah 8d][8c]
*** RIVER *** [9c Ah 8d 8c][Kc]
*** SHOW DOWN ***
Hako45 shows [Jh 7h] (One pair : 8)
eskoner shows [Ad Ac] (Full of Aces and 8)
eskoner collected 6680 from pot
*** SUMMARY ***
Total pot 6680 | No rake
Board: [9c Ah 8d 8c Kc]
Seat 2: Hako45 showed [Jh 7h] and lost with One pair : 8
Seat 9: eskoner showed [Ad Ac] and won 6680 with Full of Aces and 8


Winamax Poker - Tournament "Freeroll" buyIn: Free level: 12 - HandId: #546663076657627145-30-1440618836 - Holdem no limit (50/250/500) - 2015/08/26 19:53:56 UTC
Table: 'Freeroll(127279916)#0008' 9-max (real money) Seat #5 is the button
Seat 1: manggy94 (3415)
Seat 2: arcimboldo56 (18966)
Seat 3: Filoouu (6385)
Seat 4: -pasta- (8285)
Seat 5: crumble75 (3403)
Seat 6: visa115 (4539)
Seat 7: PluieDetoile (1705)
Seat 8: abs78200 (1970)
Seat 9: eskoner (7670)
*** ANTE/BLINDS ***
visa115 posts ante 50
PluieDetoile posts ante 50
manggy94 posts ante 50
arcimboldo56 posts ante 50
Filoouu posts ante 50
-pasta- posts ante 50
crumble75 posts ante 50
abs78200 posts ante 50
eskoner posts ante 50
visa115 posts small blind 250
PluieDetoile posts big blind 500
Dealt to manggy94 [Jc 4h]
*** PRE-FLOP *** 
abs78200 folds
eskoner folds
manggy94 folds
arcimboldo56 folds
Filoouu folds
-pasta- calls 500
crumble75 folds
visa115 folds
PluieDetoile raises 1155 to 1655 and is all-in
-pasta- calls 1155
*** FLOP *** [Ad 2c Ts]
*** TURN *** [Ad 2c Ts][Kc]
*** RIVER *** [Ad 2c Ts Kc][9d]
*** SHOW DOWN ***
PluieDetoile shows [Kh 5c] (One pair : Kings)
-pasta- shows [Ah 3h] (One pair : Aces)
-pasta- collected 4010 from pot
*** SUMMARY ***
Total pot 4010 | No rake
Board: [Ad 2c Ts Kc 9d]
Seat 4: -pasta- showed [Ah 3h] and won 4010 with One pair : Aces
Seat 7: PluieDetoile (big blind) showed [Kh 5c] and lost with One pair : Kings


Winamax Poker - Tournament "Freeroll" buyIn: Free level: 13 - HandId: #546663076657627145-31-1440618899 - Holdem no limit (70/300/600) - 2015/08/26 19:54:59 UTC
Table: 'Freeroll(127279916)#0008' 9-max (real money) Seat #6 is the button
Seat 1: manggy94 (3365)
Seat 2: arcimboldo56 (18916)
Seat 3: Filoouu (6335)
Seat 4: -pasta- (10590)
Seat 5: crumble75 (3353)
Seat 6: visa115 (4239)
Seat 8: abs78200 (1920)
Seat 9: eskoner (7620)
*** ANTE/BLINDS ***
abs78200 posts ante 70
manggy94 posts ante 70
arcimboldo56 posts ante 70
Filoouu posts ante 70
-pasta- posts ante 70
crumble75 posts ante 70
visa115 posts ante 70
eskoner posts ante 70
abs78200 posts big blind 600
Dealt to manggy94 [Ah 2h]
*** PRE-FLOP *** 
eskoner folds
manggy94 calls 600
arcimboldo56 folds
Filoouu folds
-pasta- folds
crumble75 folds
visa115 folds
abs78200 folds
manggy94 collected 1760 from pot
*** SUMMARY ***
Total pot 1760 | No rake
Seat 1: manggy94 won 1760


Winamax Poker - Tournament "Freeroll" buyIn: Free level: 13 - HandId: #546663076657627145-32-1440619202 - Holdem no limit (70/300/600) - 2015/08/26 20:00:02 UTC
Table: 'Freeroll(127279916)#0008' 9-max (real money) Seat #7 is the button
Seat 1: manggy94 (4455)
Seat 2: arcimboldo56 (18846)
Seat 3: Filoouu (6265)
Seat 4: -pasta- (10520)
Seat 5: crumble75 (3283)
Seat 6: visa115 (4169)
Seat 7: greygucci (21120)
Seat 8: abs78200 (1250)
Seat 9: eskoner (7550)
*** ANTE/BLINDS ***
abs78200 posts ante 70
eskoner posts ante 70
manggy94 posts ante 70
arcimboldo56 posts ante 70
Filoouu posts ante 70
-pasta- posts ante 70
crumble75 posts ante 70
visa115 posts ante 70
abs78200 posts small blind 300
eskoner posts big blind 600
Dealt to manggy94 [Jd 8h]
*** PRE-FLOP *** 
manggy94 folds
arcimboldo56 folds
Filoouu folds
-pasta- folds
crumble75 raises 2613 to 3213 and is all-in
visa115 folds
abs78200 folds
eskoner folds
crumble75 collected 4673 from pot
*** SUMMARY ***
Total pot 4673 | No rake
Seat 5: crumble75 won 4673


Winamax Poker - Tournament "Freeroll" buyIn: Free level: 13 - HandId: #546663076657627145-33-1440619252 - Holdem no limit (70/300/600) - 2015/08/26 20:00:52 UTC
Table: 'Freeroll(127279916)#0008' 9-max (real money) Seat #8 is the button
Seat 1: manggy94 (4385)
Seat 2: arcimboldo56 (18776)
Seat 3: Filoouu (6195)
Seat 4: -pasta- (10450)
Seat 5: crumble75 (4673)
Seat 6: visa115 (4099)
Seat 7: greygucci (21120)
Seat 8: abs78200 (880)
Seat 9: eskoner (6880)
*** ANTE/BLINDS ***
eskoner posts ante 70
manggy94 posts ante 70
arcimboldo56 posts ante 70
Filoouu posts ante 70
-pasta- posts ante 70
crumble75 posts ante 70
visa115 posts ante 70
greygucci posts ante 70
abs78200 posts ante 70
eskoner posts small blind 300
manggy94 posts big blind 600
Dealt to manggy94 [Kc 6h]
*** PRE-FLOP *** 
arcimboldo56 folds
Filoouu calls 600
-pasta- folds
crumble75 folds
visa115 folds
greygucci folds
abs78200 folds
eskoner folds
manggy94 checks
*** FLOP *** [Qs 5c Qc]
manggy94 checks
Filoouu checks
*** TURN *** [Qs 5c Qc][Ks]
manggy94 bets 2130
Filoouu folds
manggy94 collected 4260 from pot
*** SUMMARY ***
Total pot 4260 | No rake
Board: [Qs 5c Qc Ks]
Seat 1: manggy94 (big blind) won 4260


Winamax Poker - Tournament "Freeroll" buyIn: Free level: 13 - HandId: #546663076657627145-34-1440619343 - Holdem no limit (70/300/600) - 2015/08/26 20:02:23 UTC
Table: 'Freeroll(127279916)#0008' 9-max (real money) Seat #9 is the button
Seat 1: manggy94 (5845)
Seat 2: arcimboldo56 (18706)
Seat 3: Filoouu (5525)
Seat 4: -pasta- (10380)
Seat 5: crumble75 (4603)
Seat 6: visa115 (4029)
Seat 7: greygucci (21050)
Seat 8: abs78200 (810)
Seat 9: eskoner (6510)
*** ANTE/BLINDS ***
manggy94 posts ante 70
arcimboldo56 posts ante 70
Filoouu posts ante 70
-pasta- posts ante 70
crumble75 posts ante 70
visa115 posts ante 70
greygucci posts ante 70
abs78200 posts ante 70
eskoner posts ante 70
manggy94 posts small blind 300
arcimboldo56 posts big blind 600
Dealt to manggy94 [4s 5h]
*** PRE-FLOP *** 
Filoouu calls 600
-pasta- folds
crumble75 folds
visa115 folds
greygucci folds
abs78200 raises 140 to 740 and is all-in
eskoner calls 740
manggy94 folds
arcimboldo56 calls 140
Filoouu calls 140
*** FLOP *** [Kh 3h 2c]
arcimboldo56 checks
Filoouu checks
eskoner checks
*** TURN *** [Kh 3h 2c][Kd]
arcimboldo56 checks
Filoouu checks
eskoner checks
*** RIVER *** [Kh 3h 2c Kd][7s]
arcimboldo56 bets 900
Filoouu folds
eskoner folds
*** SHOW DOWN ***
abs78200 shows [Th 3c] (Two pairs : Kings and 3)
arcimboldo56 shows [2s 7h] (Two pairs : Kings and 7)
arcimboldo56 collected 4790 from pot
*** SUMMARY ***
Total pot 4790 | No rake
Board: [Kh 3h 2c Kd 7s]
Seat 2: arcimboldo56 (big blind) showed [2s 7h] and won 4790 with Two pairs : Kings and 7
Seat 8: abs78200 showed [Th 3c] and lost with Two pairs : Kings and 3


Winamax Poker - Tournament "Freeroll" buyIn: Free level: 15 - HandId: #546663076657627145-35-1440619541 - Holdem no limit (100/500/1000) - 2015/08/26 20:05:41 UTC
Table: 'Freeroll(127279916)#0008' 9-max (real money) Seat #1 is the button
Seat 1: manggy94 (5475)
Seat 2: arcimboldo56 (21786)
Seat 3: Filoouu (4715)
Seat 4: -pasta- (10310)
Seat 5: crumble75 (4533)
Seat 6: visa115 (3959)
Seat 7: greygucci (20980)
Seat 9: eskoner (5700)
*** ANTE/BLINDS ***
arcimboldo56 posts ante 100
Filoouu posts ante 100
manggy94 posts ante 100
-pasta- posts ante 100
crumble75 posts ante 100
visa115 posts ante 100
greygucci posts ante 100
eskoner posts ante 100
arcimboldo56 posts small blind 500
Filoouu posts big blind 1000
Dealt to manggy94 [3d Ah]
*** PRE-FLOP *** 
-pasta- calls 1000
crumble75 folds
visa115 folds
greygucci calls 1000
eskoner folds
manggy94 folds
arcimboldo56 calls 500
Filoouu checks
*** FLOP *** [3c 6c Jd]
arcimboldo56 checks
Filoouu checks
-pasta- checks
greygucci checks
*** TURN *** [3c 6c Jd][8s]
arcimboldo56 bets 1000
Filoouu folds
-pasta- folds
greygucci calls 1000
*** RIVER *** [3c 6c Jd 8s][5h]
arcimboldo56 bets 1000
greygucci raises 6367 to 7367
arcimboldo56 folds
greygucci collected 15167 from pot
*** SUMMARY ***
Total pot 15167 | No rake
Board: [3c 6c Jd 8s 5h]
Seat 7: greygucci won 15167


Winamax Poker - Tournament "Freeroll" buyIn: Free level: 15 - HandId: #546663076657627145-36-1440619693 - Holdem no limit (100/500/1000) - 2015/08/26 20:08:13 UTC
Table: 'Freeroll(127279916)#0008' 9-max (real money) Seat #2 is the button
Seat 1: manggy94 (5375)
Seat 2: arcimboldo56 (18686)
Seat 3: Filoouu (3615)
Seat 4: -pasta- (9210)
Seat 5: crumble75 (4433)
Seat 6: visa115 (3859)
Seat 7: greygucci (26680)
Seat 8: atom269 (14514)
Seat 9: eskoner (5600)
*** ANTE/BLINDS ***
Filoouu posts ante 100
-pasta- posts ante 100
manggy94 posts ante 100
arcimboldo56 posts ante 100
crumble75 posts ante 100
visa115 posts ante 100
greygucci posts ante 100
atom269 posts ante 100
eskoner posts ante 100
Filoouu posts small blind 500
-pasta- posts big blind 1000
Dealt to manggy94 [Kh 4h]
*** PRE-FLOP *** 
crumble75 folds
visa115 folds
greygucci calls 1000
atom269 calls 1000
eskoner calls 1000
manggy94 calls 1000
arcimboldo56 folds
Filoouu raises 2515 to 3515 and is all-in
-pasta- folds
greygucci calls 2515
atom269 calls 2515
eskoner folds
manggy94 folds
*** FLOP *** [Qd 8d 3c]
greygucci bets 9630
atom269 folds
*** TURN *** [Qd 8d 3c][Ad]
*** RIVER *** [Qd 8d 3c Ad][6s]
*** SHOW DOWN ***
Filoouu shows [Tc As] (One pair : Aces)
greygucci shows [9d Qc] (One pair : Queens)
greygucci collected 9630 from side pot 1
Filoouu collected 14445 from main pot
*** SUMMARY ***
Total pot 24075 | No rake
Board: [Qd 8d 3c Ad 6s]
Seat 3: Filoouu (small blind) showed [Tc As] and won 14445 with One pair : Aces
Seat 7: greygucci showed [9d Qc] and won 9630 with One pair : Queens


Winamax Poker - Tournament "Freeroll" buyIn: Free level: 16 - HandId: #546663076657627145-37-1440619856 - Holdem no limit (135/600/1200) - 2015/08/26 20:10:56 UTC
Table: 'Freeroll(127279916)#0008' 9-max (real money) Seat #3 is the button
Seat 1: manggy94 (4275)
Seat 2: arcimboldo56 (18586)
Seat 3: Filoouu (14445)
Seat 4: -pasta- (8110)
Seat 5: crumble75 (4333)
Seat 6: visa115 (3759)
Seat 7: greygucci (23065)
Seat 8: atom269 (10899)
Seat 9: eskoner (4500)
*** ANTE/BLINDS ***
-pasta- posts ante 135
crumble75 posts ante 135
manggy94 posts ante 135
arcimboldo56 posts ante 135
Filoouu posts ante 135
visa115 posts ante 135
greygucci posts ante 135
atom269 posts ante 135
eskoner posts ante 135
-pasta- posts small blind 600
crumble75 posts big blind 1200
Dealt to manggy94 [4s Js]
*** PRE-FLOP *** 
visa115 folds
greygucci calls 1200
atom269 raises 9564 to 10764 and is all-in
eskoner folds
manggy94 folds
arcimboldo56 folds
Filoouu folds
-pasta- folds
crumble75 calls 2998 and is all-in
greygucci raises 9564 to 20328
*** FLOP *** [Jh 5c 9h]
*** TURN *** [Jh 5c 9h][3h]
*** RIVER *** [Jh 5c 9h 3h][Td]
*** SHOW DOWN ***
atom269 shows [Th Kc] (One pair : Tens)
crumble75 shows [Ah 7h] (Flush Ace high)
greygucci shows [Tc 9s] (Two pairs : Tens and 9)
greygucci collected 22696 from side pot 1
crumble75 collected 14409 from main pot
*** SUMMARY ***
Total pot 37105 | No rake
Board: [Jh 5c 9h 3h Td]
Seat 5: crumble75 (big blind) showed [Ah 7h] and won 14409 with Flush Ace high
Seat 7: greygucci showed [Tc 9s] and won 22696 with Two pairs : Tens and 9
Seat 8: atom269 showed [Th Kc] and lost with One pair : Tens


Winamax Poker - Tournament "Freeroll" buyIn: Free level: 17 - HandId: #546663076657627655-37-1440620011 - Holdem no limit (160/800/1600) - 2015/08/26 20:13:31 UTC
Table: 'Freeroll(127279916)#0518' 9-max (real money) Seat #6 is the button
Seat 1: ALPHA56 XV (2315)
Seat 2: coule1210 (27525)
Seat 3: kezain (34535)
Seat 4: d.knafo (18465)
Seat 5: manggy94 (4140)
Seat 6: pieramel (6538)
Seat 7: LENNY-13 (13060)
Seat 8: azarlascar (26112)
Seat 9: Cephei (24658)
*** ANTE/BLINDS ***
LENNY-13 posts ante 160
azarlascar posts ante 160
ALPHA56 XV posts ante 160
coule1210 posts ante 160
kezain posts ante 160
d.knafo posts ante 160
manggy94 posts ante 160
pieramel posts ante 160
Cephei posts ante 160
LENNY-13 posts small blind 800
azarlascar posts big blind 1600
Dealt to manggy94 [3d Jc]
*** PRE-FLOP *** 
Cephei folds
ALPHA56 XV folds
coule1210 folds
kezain folds
d.knafo folds
manggy94 folds
pieramel folds
LENNY-13 calls 800
azarlascar checks
*** FLOP *** [7d Kh 6d]
LENNY-13 bets 2320
azarlascar folds
LENNY-13 collected 6960 from pot
*** SUMMARY ***
Total pot 6960 | No rake
Board: [7d Kh 6d]
Seat 7: LENNY-13 (small blind) won 6960


Winamax Poker - Tournament "Freeroll" buyIn: Free level: 18 - HandId: #546663076657627655-38-1440620071 - Holdem no limit (200/1000/2000) - 2015/08/26 20:14:31 UTC
Table: 'Freeroll(127279916)#0518' 9-max (real money) Seat #7 is the button
Seat 1: ALPHA56 XV (2155)
Seat 2: coule1210 (27365)
Seat 3: kezain (34375)
Seat 4: d.knafo (18305)
Seat 5: manggy94 (3980)
Seat 6: pieramel (6378)
Seat 7: LENNY-13 (15940)
Seat 8: azarlascar (24352)
Seat 9: Cephei (24498)
*** ANTE/BLINDS ***
azarlascar posts ante 200
Cephei posts ante 200
ALPHA56 XV posts ante 200
coule1210 posts ante 200
kezain posts ante 200
d.knafo posts ante 200
manggy94 posts ante 200
pieramel posts ante 200
LENNY-13 posts ante 200
azarlascar posts small blind 1000
Cephei posts big blind 2000
Dealt to manggy94 [6s 5d]
*** PRE-FLOP *** 
ALPHA56 XV folds
coule1210 calls 2000
kezain raises 32175 to 34175 and is all-in
d.knafo folds
manggy94 folds
pieramel calls 6178 and is all-in
LENNY-13 folds
azarlascar folds
Cephei folds
coule1210 folds
*** FLOP *** [Js 7s 4s]
*** TURN *** [Js 7s 4s][Ts]
*** RIVER *** [Js 7s 4s Ts][Jc]
*** SHOW DOWN ***
pieramel shows [Ah Th] (Two pairs : Jacks and Tens)
kezain shows [Ks Ad] (Flush King high)
kezain collected 47153 from pot
*** SUMMARY ***
Total pot 47153 | No rake
Board: [Js 7s 4s Ts Jc]
Seat 3: kezain showed [Ks Ad] and won 47153 with Flush King high
Seat 6: pieramel showed [Ah Th] and lost with Two pairs : Jacks and Tens


Winamax Poker - Tournament "Freeroll" buyIn: Free level: 18 - HandId: #546663076657627655-39-1440620160 - Holdem no limit (200/1000/2000) - 2015/08/26 20:16:00 UTC
Table: 'Freeroll(127279916)#0518' 9-max (real money) Seat #8 is the button
Seat 1: ALPHA56 XV (1955)
Seat 2: coule1210 (25165)
Seat 3: kezain (47153)
Seat 4: d.knafo (18105)
Seat 5: manggy94 (3780)
Seat 7: LENNY-13 (15740)
Seat 8: azarlascar (23152)
Seat 9: Cephei (22298)
*** ANTE/BLINDS ***
Cephei posts ante 200
ALPHA56 XV posts ante 200
coule1210 posts ante 200
kezain posts ante 200
d.knafo posts ante 200
manggy94 posts ante 200
LENNY-13 posts ante 200
azarlascar posts ante 200
Cephei posts small blind 1000
ALPHA56 XV posts big blind 1755 and is all-in
Dealt to manggy94 [9s Qh]
*** PRE-FLOP *** 
coule1210 folds
kezain folds
d.knafo raises 2245 to 4000
manggy94 folds
LENNY-13 folds
azarlascar calls 4000
Cephei folds
*** FLOP *** [Js 2d 9h]
d.knafo bets 8237
azarlascar folds
*** TURN *** [Js 2d 9h][2c]
*** RIVER *** [Js 2d 9h 2c][Ah]
*** SHOW DOWN ***
ALPHA56 XV shows [As 8h] (Two pairs : Aces and 2)
d.knafo shows [Qd Ac] (Two pairs : Aces and 2)
d.knafo collected 20592 from pot
*** SUMMARY ***
Total pot 20592 | No rake
Board: [Js 2d 9h 2c Ah]
Seat 1: ALPHA56 XV (big blind) showed [As 8h] and lost with Two pairs : Aces and 2
Seat 4: d.knafo showed [Qd Ac] and won 20592 with Two pairs : Aces and 2


Winamax Poker - Tournament "Freeroll" buyIn: Free level: 18 - HandId: #546663076657627655-40-1440620200 - Holdem no limit (200/1000/2000) - 2015/08/26 20:16:40 UTC
Table: 'Freeroll(127279916)#0518' 9-max (real money) Seat #9 is the button
Seat 1: AOUNETTE76 (13225)
Seat 2: coule1210 (24965)
Seat 3: kezain (46953)
Seat 4: d.knafo (26260)
Seat 5: manggy94 (3580)
Seat 6: miguel3010 (20793)
Seat 7: LENNY-13 (15540)
Seat 8: azarlascar (18952)
Seat 9: Cephei (21098)
*** ANTE/BLINDS ***
coule1210 posts ante 200
kezain posts ante 200
d.knafo posts ante 200
manggy94 posts ante 200
miguel3010 posts ante 200
LENNY-13 posts ante 200
azarlascar posts ante 200
Cephei posts ante 200
coule1210 posts big blind 2000
Dealt to manggy94 [2d 5d]
*** PRE-FLOP *** 
kezain folds
d.knafo folds
manggy94 folds
miguel3010 raises 18593 to 20593 and is all-in
LENNY-13 folds
azarlascar folds
Cephei calls 20593
coule1210 folds
*** FLOP *** [Qh 7d 6h]
*** TURN *** [Qh 7d 6h][5c]
*** RIVER *** [Qh 7d 6h 5c][4h]
*** SHOW DOWN ***
Cephei shows [9s Ad] (High card : Ace)
miguel3010 shows [3s Ah] (Straight 7 high)
miguel3010 collected 44786 from pot
*** SUMMARY ***
Total pot 44786 | No rake
Board: [Qh 7d 6h 5c 4h]
Seat 6: miguel3010 showed [3s Ah] and won 44786 with Straight 7 high
Seat 9: Cephei (button) showed [9s Ad] and lost with High card : Ace


Winamax Poker - Tournament "Freeroll" buyIn: Free level: 18 - HandId: #546663076657627655-41-1440620238 - Holdem no limit (200/1000/2000) - 2015/08/26 20:17:18 UTC
Table: 'Freeroll(127279916)#0518' 9-max (real money) Seat #1 is the button
Seat 1: AOUNETTE76 (13225)
Seat 2: coule1210 (22765)
Seat 3: kezain (46753)
Seat 4: d.knafo (26060)
Seat 5: manggy94 (3380)
Seat 6: miguel3010 (44786)
Seat 7: LENNY-13 (15340)
Seat 8: azarlascar (18752)
Seat 9: Cephei (305)
*** ANTE/BLINDS ***
coule1210 posts ante 200
kezain posts ante 200
d.knafo posts ante 200
manggy94 posts ante 200
miguel3010 posts ante 200
LENNY-13 posts ante 200
azarlascar posts ante 200
Cephei posts ante 200
coule1210 posts small blind 1000
kezain posts big blind 2000
Dealt to manggy94 [8s 5h]
*** PRE-FLOP *** 
d.knafo folds
manggy94 folds
miguel3010 calls 2000
LENNY-13 folds
azarlascar folds
Cephei calls 105 and is all-in
coule1210 folds
kezain checks
*** FLOP *** [Js Qd 4s]
kezain checks
miguel3010 bets 2000
kezain folds
*** TURN *** [Js Qd 4s][Ah]
*** RIVER *** [Js Qd 4s Ah][3d]
*** SHOW DOWN ***
Cephei shows [6c Qh] (One pair : Queens)
miguel3010 shows [2c Tc] (High card : Ace)
miguel3010 collected 6685 from side pot 1
Cephei collected 2020 from main pot
*** SUMMARY ***
Total pot 8705 | No rake
Board: [Js Qd 4s Ah 3d]
Seat 6: miguel3010 showed [2c Tc] and won 6685 with High card : Ace
Seat 9: Cephei showed [6c Qh] and won 2020 with One pair : Queens


Winamax Poker - Tournament "Freeroll" buyIn: Free level: 19 - HandId: #546663076657627655-42-1440620291 - Holdem no limit (250/1250/2500) - 2015/08/26 20:18:11 UTC
Table: 'Freeroll(127279916)#0518' 9-max (real money) Seat #2 is the button
Seat 1: AOUNETTE76 (13225)
Seat 2: coule1210 (21565)
Seat 3: kezain (44553)
Seat 4: d.knafo (25860)
Seat 5: manggy94 (3180)
Seat 6: miguel3010 (47271)
Seat 7: LENNY-13 (15140)
Seat 8: azarlascar (18552)
Seat 9: Cephei (2020)
*** ANTE/BLINDS ***
kezain posts ante 250
d.knafo posts ante 250
AOUNETTE76 posts ante 250
coule1210 posts ante 250
manggy94 posts ante 250
miguel3010 posts ante 250
LENNY-13 posts ante 250
azarlascar posts ante 250
Cephei posts ante 250
kezain posts small blind 1250
d.knafo posts big blind 2500
Dealt to manggy94 [6c Ad]
*** PRE-FLOP *** 
manggy94 folds
miguel3010 raises 44521 to 47021 and is all-in
LENNY-13 folds
azarlascar folds
Cephei folds
AOUNETTE76 calls 12975 and is all-in
coule1210 folds
kezain folds
d.knafo folds
*** FLOP *** [7h 9s 3h]
*** TURN *** [7h 9s 3h][Ks]
*** RIVER *** [7h 9s 3h Ks][Kh]
*** SHOW DOWN ***
AOUNETTE76 shows [Th 8h] (Flush King high)
miguel3010 shows [Jd Ah] (One pair : Kings)
miguel3010 collected 34046 from side pot 1
AOUNETTE76 collected 31950 from main pot
*** SUMMARY ***
Total pot 65996 | No rake
Board: [7h 9s 3h Ks Kh]
Seat 1: AOUNETTE76 showed [Th 8h] and won 31950 with Flush King high
Seat 6: miguel3010 showed [Jd Ah] and won 34046 with One pair : Kings


Winamax Poker - Tournament "Freeroll" buyIn: Free level: 19 - HandId: #546663076657627655-43-1440620355 - Holdem no limit (250/1250/2500) - 2015/08/26 20:19:15 UTC
Table: 'Freeroll(127279916)#0518' 9-max (real money) Seat #3 is the button
Seat 1: AOUNETTE76 (31950)
Seat 2: coule1210 (21315)
Seat 3: kezain (43053)
Seat 4: d.knafo (23110)
Seat 5: manggy94 (2930)
Seat 6: miguel3010 (34046)
Seat 7: LENNY-13 (14890)
Seat 8: azarlascar (18302)
Seat 9: Cephei (1770)
*** ANTE/BLINDS ***
d.knafo posts ante 250
manggy94 posts ante 250
AOUNETTE76 posts ante 250
coule1210 posts ante 250
kezain posts ante 250
miguel3010 posts ante 250
LENNY-13 posts ante 250
azarlascar posts ante 250
Cephei posts ante 250
d.knafo posts small blind 1250
manggy94 posts big blind 2500
Dealt to manggy94 [8s Kh]
*** PRE-FLOP *** 
miguel3010 calls 2500
LENNY-13 calls 2500
azarlascar folds
Cephei folds
AOUNETTE76 folds
coule1210 folds
kezain raises 40303 to 42803 and is all-in
d.knafo folds
manggy94 calls 180 and is all-in
miguel3010 folds
LENNY-13 folds
*** FLOP *** [Qc Jc 7h]
*** TURN *** [Qc Jc 7h][9d]
*** RIVER *** [Qc Jc 7h 9d][Qh]
*** SHOW DOWN ***
manggy94 shows [8s Kh] (One pair : Queens)
kezain shows [Ks Ad] (One pair : Queens)
kezain collected 53983 from pot
*** SUMMARY ***
Total pot 53983 | No rake
Board: [Qc Jc 7h 9d Qh]
Seat 3: kezain (button) showed [Ks Ad] and won 53983 with One pair : Queens
Seat 5: manggy94 (big blind) showed [8s Kh] and lost with One pair : Queens


