Winamax Poker - Tournament "Qualif. Déglingos - Ticket 50€" buyIn: 2,70€ + 0,30€ level: 0 - HandId: #600923498747002881-2-1450704363 - Holdem no limit (10/20) - 2015/12/21 13:26:03 UTC
Table: 'Qualif. Déglingos - Ticket 50€(139913405)#000' 6-max (real money) Seat #2 is the button
Seat 1: incognito 73 (490)
Seat 2: fxdebeuz (500)
Seat 3: Naturalee (480)
Seat 4: manggy94 (500)
Seat 5: Zoranines17 (500)
Seat 6: flickflock (530)
*** ANTE/BLINDS ***
Naturalee posts small blind 10
manggy94 posts big blind 20
Dealt to manggy94 [7c 8s]
*** PRE-FLOP *** 
Zoranines17 folds
flickflock folds
incognito 73 calls 20
fxdebeuz calls 20
Naturalee calls 10
manggy94 checks
*** FLOP *** [4h 8h Qs]
Naturalee checks
manggy94 bets 20
incognito 73 raises 450 to 470 and is all-in
fxdebeuz folds
Naturalee folds
manggy94 folds
incognito 73 collected 570 from pot
*** SUMMARY ***
Total pot 570 | No rake
Board: [4h 8h Qs]
Seat 1: incognito 73 won 570


Winamax Poker - Tournament "Qualif. Déglingos - Ticket 50€" buyIn: 2,70€ + 0,30€ level: 0 - HandId: #600923498747002881-3-1450704399 - Holdem no limit (10/20) - 2015/12/21 13:26:39 UTC
Table: 'Qualif. Déglingos - Ticket 50€(139913405)#000' 6-max (real money) Seat #3 is the button
Seat 1: incognito 73 (570)
Seat 2: fxdebeuz (480)
Seat 3: Naturalee (460)
Seat 4: manggy94 (460)
Seat 5: Zoranines17 (500)
Seat 6: flickflock (530)
*** ANTE/BLINDS ***
manggy94 posts small blind 10
Zoranines17 posts big blind 20
Dealt to manggy94 [Js Kd]
*** PRE-FLOP *** 
flickflock raises 40 to 60
incognito 73 folds
fxdebeuz folds
Naturalee folds
manggy94 calls 50
Zoranines17 folds
*** FLOP *** [6s Qh Th]
manggy94 bets 140
flickflock raises 330 to 470 and is all-in
manggy94 calls 260 and is all-in
*** TURN *** [6s Qh Th][Td]
*** RIVER *** [6s Qh Th Td][3d]
*** SHOW DOWN ***
manggy94 shows [Js Kd] (One pair : Tens)
flickflock shows [Qc Ac] (Two pairs : Queens and Tens)
flickflock collected 1010 from pot
*** SUMMARY ***
Total pot 1010 | No rake
Board: [6s Qh Th Td 3d]
Seat 4: manggy94 (small blind) showed [Js Kd] and lost with One pair : Tens
Seat 6: flickflock showed [Qc Ac] and won 1010 with Two pairs : Queens and Tens


Winamax Poker - Tournament "Qualif. Déglingos - Ticket 50€" buyIn: 2,70€ + 0,30€ level: 0 - HandId: #600923498747002881-4-1450704431 - Holdem no limit (10/20) - 2015/12/21 13:27:11 UTC
Table: 'Qualif. Déglingos - Ticket 50€(139913405)#000' 6-max (real money) Seat #4 is the button
Seat 2: fxdebeuz (480)
Seat 3: Naturalee (460)
Seat 4: manggy94 (500)
*** ANTE/BLINDS ***
fxdebeuz posts big blind 20
Dealt to manggy94 [Ts Kh]
*** PRE-FLOP *** 
Naturalee raises 20 to 40
manggy94 calls 40
fxdebeuz calls 20
*** FLOP *** [6s Ks Ac]
fxdebeuz checks
Naturalee checks
manggy94 bets 120
fxdebeuz calls 120
Naturalee folds
*** TURN *** [6s Ks Ac][5h]
fxdebeuz bets 320 and is all-in
manggy94 folds
fxdebeuz collected 680 from pot
*** SUMMARY ***
Total pot 680 | No rake
Board: [6s Ks Ac 5h]
Seat 2: fxdebeuz (big blind) won 680


Winamax Poker - Tournament "Qualif. Déglingos - Ticket 50€" buyIn: 2,70€ + 0,30€ level: 0 - HandId: #600923498747002881-5-1450704464 - Holdem no limit (10/20) - 2015/12/21 13:27:44 UTC
Table: 'Qualif. Déglingos - Ticket 50€(139913405)#000' 6-max (real money) Seat #5 is the button
Seat 1: __4ap4__ (500)
Seat 2: fxdebeuz (680)
Seat 3: Naturalee (420)
Seat 4: manggy94 (340)
*** ANTE/BLINDS ***
fxdebeuz posts small blind 10
Naturalee posts big blind 20
Dealt to manggy94 [Ts 9s]
*** PRE-FLOP *** 
manggy94 calls 20
fxdebeuz calls 10
Naturalee raises 400 to 420 and is all-in
manggy94 folds
fxdebeuz folds
Naturalee collected 460 from pot
*** SUMMARY ***
Total pot 460 | No rake
Seat 3: Naturalee (big blind) won 460


Winamax Poker - Tournament "Qualif. Déglingos - Ticket 50€" buyIn: 2,70€ + 0,30€ level: 0 - HandId: #600923498747002881-6-1450704476 - Holdem no limit (10/20) - 2015/12/21 13:27:56 UTC
Table: 'Qualif. Déglingos - Ticket 50€(139913405)#000' 6-max (real money) Seat #2 is the button
Seat 1: __4ap4__ (500)
Seat 2: fxdebeuz (660)
Seat 3: Naturalee (460)
Seat 4: manggy94 (320)
Seat 6: maxapnea83 (500)
*** ANTE/BLINDS ***
Naturalee posts small blind 10
manggy94 posts big blind 20
Dealt to manggy94 [Kc 5d]
*** PRE-FLOP *** 
maxapnea83 calls 20
__4ap4__ raises 480 to 500 and is all-in
fxdebeuz folds
Naturalee folds
manggy94 folds
maxapnea83 folds
__4ap4__ collected 550 from pot
*** SUMMARY ***
Total pot 550 | No rake
Seat 1: __4ap4__ won 550


Winamax Poker - Tournament "Qualif. Déglingos - Ticket 50€" buyIn: 2,70€ + 0,30€ level: 1 - HandId: #600923498747002881-7-1450704508 - Holdem no limit (15/30) - 2015/12/21 13:28:28 UTC
Table: 'Qualif. Déglingos - Ticket 50€(139913405)#000' 6-max (real money) Seat #3 is the button
Seat 1: __4ap4__ (550)
Seat 2: fxdebeuz (660)
Seat 3: Naturalee (450)
Seat 4: manggy94 (300)
Seat 6: maxapnea83 (480)
*** ANTE/BLINDS ***
manggy94 posts small blind 15
maxapnea83 posts big blind 30
Dealt to manggy94 [Jh 9s]
*** PRE-FLOP *** 
__4ap4__ raises 520 to 550 and is all-in
fxdebeuz raises 110 to 660 and is all-in
Naturalee folds
manggy94 folds
maxapnea83 folds
*** FLOP *** [6s 9c 7h]
*** TURN *** [6s 9c 7h][Ks]
*** RIVER *** [6s 9c 7h Ks][3c]
*** SHOW DOWN ***
__4ap4__ shows [Ah 9d] (One pair : 9)
fxdebeuz shows [Js Jc] (One pair : Jacks)
fxdebeuz collected 1255 from pot
*** SUMMARY ***
Total pot 1255 | No rake
Board: [6s 9c 7h Ks 3c]
Seat 1: __4ap4__ showed [Ah 9d] and lost with One pair : 9
Seat 2: fxdebeuz showed [Js Jc] and won 1255 with One pair : Jacks


Winamax Poker - Tournament "Qualif. Déglingos - Ticket 50€" buyIn: 2,70€ + 0,30€ level: 1 - HandId: #600923498747002881-8-1450704541 - Holdem no limit (15/30) - 2015/12/21 13:29:01 UTC
Table: 'Qualif. Déglingos - Ticket 50€(139913405)#000' 6-max (real money) Seat #4 is the button
Seat 1: __4ap4__ (500)
Seat 2: fxdebeuz (1255)
Seat 3: Naturalee (450)
Seat 4: manggy94 (285)
Seat 6: maxapnea83 (450)
*** ANTE/BLINDS ***
maxapnea83 posts small blind 15
__4ap4__ posts big blind 30
Dealt to manggy94 [Tc 6c]
*** PRE-FLOP *** 
fxdebeuz folds
Naturalee raises 30 to 60
manggy94 folds
maxapnea83 folds
__4ap4__ calls 30
*** FLOP *** [7s 6s 9s]
__4ap4__ bets 440 and is all-in
Naturalee folds
__4ap4__ collected 575 from pot
*** SUMMARY ***
Total pot 575 | No rake
Board: [7s 6s 9s]
Seat 1: __4ap4__ (big blind) won 575


Winamax Poker - Tournament "Qualif. Déglingos - Ticket 50€" buyIn: 2,70€ + 0,30€ level: 1 - HandId: #600923498747002881-9-1450704566 - Holdem no limit (15/30) - 2015/12/21 13:29:26 UTC
Table: 'Qualif. Déglingos - Ticket 50€(139913405)#000' 6-max (real money) Seat #6 is the button
Seat 1: __4ap4__ (575)
Seat 2: fxdebeuz (1255)
Seat 3: Naturalee (390)
Seat 4: manggy94 (285)
Seat 6: maxapnea83 (435)
*** ANTE/BLINDS ***
__4ap4__ posts small blind 15
fxdebeuz posts big blind 30
Dealt to manggy94 [7h 8c]
*** PRE-FLOP *** 
Naturalee folds
manggy94 folds
maxapnea83 folds
__4ap4__ raises 545 to 575 and is all-in
fxdebeuz folds
__4ap4__ collected 605 from pot
*** SUMMARY ***
Total pot 605 | No rake
Seat 1: __4ap4__ (small blind) won 605


Winamax Poker - Tournament "Qualif. Déglingos - Ticket 50€" buyIn: 2,70€ + 0,30€ level: 1 - HandId: #600923498747002881-10-1450704580 - Holdem no limit (15/30) - 2015/12/21 13:29:40 UTC
Table: 'Qualif. Déglingos - Ticket 50€(139913405)#000' 6-max (real money) Seat #1 is the button
Seat 1: __4ap4__ (605)
Seat 2: fxdebeuz (1225)
Seat 3: Naturalee (390)
Seat 4: manggy94 (285)
Seat 6: maxapnea83 (435)
*** ANTE/BLINDS ***
fxdebeuz posts small blind 15
Naturalee posts big blind 30
Dealt to manggy94 [Td Js]
*** PRE-FLOP *** 
manggy94 folds
maxapnea83 folds
__4ap4__ raises 30 to 60
fxdebeuz folds
Naturalee calls 30
*** FLOP *** [4c 3s 7d]
Naturalee checks
__4ap4__ checks
*** TURN *** [4c 3s 7d][Jd]
Naturalee checks
__4ap4__ checks
*** RIVER *** [4c 3s 7d Jd][Kd]
Naturalee bets 90
__4ap4__ calls 90
*** SHOW DOWN ***
__4ap4__ shows [8d Ks] (One pair : Kings)
Naturalee shows [Jc 7c] (Two pairs : Jacks and 7)
Naturalee collected 315 from pot
*** SUMMARY ***
Total pot 315 | No rake
Board: [4c 3s 7d Jd Kd]
Seat 1: __4ap4__ (button) showed [8d Ks] and lost with One pair : Kings
Seat 3: Naturalee (big blind) showed [Jc 7c] and won 315 with Two pairs : Jacks and 7


Winamax Poker - Tournament "Qualif. Déglingos - Ticket 50€" buyIn: 2,70€ + 0,30€ level: 1 - HandId: #600923498747002881-11-1450704626 - Holdem no limit (15/30) - 2015/12/21 13:30:26 UTC
Table: 'Qualif. Déglingos - Ticket 50€(139913405)#000' 6-max (real money) Seat #2 is the button
Seat 1: __4ap4__ (455)
Seat 2: fxdebeuz (1210)
Seat 3: Naturalee (555)
Seat 4: manggy94 (285)
Seat 6: maxapnea83 (435)
*** ANTE/BLINDS ***
Naturalee posts small blind 15
manggy94 posts big blind 30
Dealt to manggy94 [6c 8c]
*** PRE-FLOP *** 
maxapnea83 folds
__4ap4__ raises 425 to 455 and is all-in
fxdebeuz folds
Naturalee folds
manggy94 folds
__4ap4__ collected 500 from pot
*** SUMMARY ***
Total pot 500 | No rake
Seat 1: __4ap4__ won 500


Winamax Poker - Tournament "Qualif. Déglingos - Ticket 50€" buyIn: 2,70€ + 0,30€ level: 1 - HandId: #600923498747002881-12-1450704637 - Holdem no limit (15/30) - 2015/12/21 13:30:37 UTC
Table: 'Qualif. Déglingos - Ticket 50€(139913405)#000' 6-max (real money) Seat #3 is the button
Seat 1: __4ap4__ (500)
Seat 2: fxdebeuz (1210)
Seat 3: Naturalee (540)
Seat 4: manggy94 (255)
Seat 6: maxapnea83 (435)
*** ANTE/BLINDS ***
manggy94 posts small blind 15
maxapnea83 posts big blind 30
Dealt to manggy94 [Ts 4c]
*** PRE-FLOP *** 
__4ap4__ folds
fxdebeuz calls 30
Naturalee raises 510 to 540 and is all-in
manggy94 folds
maxapnea83 folds
fxdebeuz calls 510
*** FLOP *** [9s 3d Qs]
*** TURN *** [9s 3d Qs][2c]
*** RIVER *** [9s 3d Qs 2c][Th]
*** SHOW DOWN ***
Naturalee shows [Qh Ad] (One pair : Queens)
fxdebeuz shows [Ks Kd] (One pair : Kings)
fxdebeuz collected 1125 from pot
*** SUMMARY ***
Total pot 1125 | No rake
Board: [9s 3d Qs 2c Th]
Seat 2: fxdebeuz showed [Ks Kd] and won 1125 with One pair : Kings
Seat 3: Naturalee (button) showed [Qh Ad] and lost with One pair : Queens


Winamax Poker - Tournament "Qualif. Déglingos - Ticket 50€" buyIn: 2,70€ + 0,30€ level: 2 - HandId: #600923498747002881-13-1450704682 - Holdem no limit (20/40) - 2015/12/21 13:31:22 UTC
Table: 'Qualif. Déglingos - Ticket 50€(139913405)#000' 6-max (real money) Seat #4 is the button
Seat 1: __4ap4__ (500)
Seat 2: fxdebeuz (1795)
Seat 4: manggy94 (240)
Seat 6: maxapnea83 (405)
*** ANTE/BLINDS ***
maxapnea83 posts small blind 20
__4ap4__ posts big blind 40
Dealt to manggy94 [Qh 8d]
*** PRE-FLOP *** 
fxdebeuz folds
manggy94 folds
maxapnea83 raises 365 to 405 and is all-in
__4ap4__ calls 365
*** FLOP *** [4d Qd Ac]
*** TURN *** [4d Qd Ac][8c]
*** RIVER *** [4d Qd Ac 8c][3h]
*** SHOW DOWN ***
__4ap4__ shows [6c 9h] (High card : Ace)
maxapnea83 shows [6s Jd] (High card : Ace)
maxapnea83 collected 810 from pot
*** SUMMARY ***
Total pot 810 | No rake
Board: [4d Qd Ac 8c 3h]
Seat 1: __4ap4__ (big blind) showed [6c 9h] and lost with High card : Ace
Seat 6: maxapnea83 (small blind) showed [6s Jd] and won 810 with High card : Ace


Winamax Poker - Tournament "Qualif. Déglingos - Ticket 50€" buyIn: 2,70€ + 0,30€ level: 2 - HandId: #600923498747002881-14-1450704713 - Holdem no limit (20/40) - 2015/12/21 13:31:53 UTC
Table: 'Qualif. Déglingos - Ticket 50€(139913405)#000' 6-max (real money) Seat #6 is the button
Seat 1: __4ap4__ (95)
Seat 2: fxdebeuz (1795)
Seat 4: manggy94 (240)
Seat 6: maxapnea83 (810)
*** ANTE/BLINDS ***
__4ap4__ posts small blind 20
fxdebeuz posts big blind 40
Dealt to manggy94 [Qh 4d]
*** PRE-FLOP *** 
manggy94 folds
maxapnea83 folds
__4ap4__ raises 55 to 95 and is all-in
fxdebeuz calls 55
*** FLOP *** [8s 8d Jc]
*** TURN *** [8s 8d Jc][Ah]
*** RIVER *** [8s 8d Jc Ah][Qd]
*** SHOW DOWN ***
__4ap4__ shows [3s 5s] (One pair : 8)
fxdebeuz shows [Js 6h] (Two pairs : Jacks and 8)
fxdebeuz collected 190 from pot
*** SUMMARY ***
Total pot 190 | No rake
Board: [8s 8d Jc Ah Qd]
Seat 1: __4ap4__ (small blind) showed [3s 5s] and lost with One pair : 8
Seat 2: fxdebeuz (big blind) showed [Js 6h] and won 190 with Two pairs : Jacks and 8


Winamax Poker - Tournament "Qualif. Déglingos - Ticket 50€" buyIn: 2,70€ + 0,30€ level: 2 - HandId: #600923498747002881-15-1450704747 - Holdem no limit (20/40) - 2015/12/21 13:32:27 UTC
Table: 'Qualif. Déglingos - Ticket 50€(139913405)#000' 6-max (real money) Seat #1 is the button
Seat 1: __4ap4__ (1000)
Seat 2: fxdebeuz (1890)
Seat 4: manggy94 (240)
Seat 6: maxapnea83 (810)
*** ANTE/BLINDS ***
fxdebeuz posts small blind 20
manggy94 posts big blind 40
Dealt to manggy94 [Qs Ks]
*** PRE-FLOP *** 
maxapnea83 folds
__4ap4__ raises 60 to 100
fxdebeuz folds
manggy94 raises 140 to 240 and is all-in
__4ap4__ calls 140
*** FLOP *** [9d Ad 8c]
*** TURN *** [9d Ad 8c][Ac]
*** RIVER *** [9d Ad 8c Ac][4c]
*** SHOW DOWN ***
manggy94 shows [Qs Ks] (One pair : Aces)
__4ap4__ shows [Kh 9h] (Two pairs : Aces and 9)
__4ap4__ collected 500 from pot
*** SUMMARY ***
Total pot 500 | No rake
Board: [9d Ad 8c Ac 4c]
Seat 1: __4ap4__ (button) showed [Kh 9h] and won 500 with Two pairs : Aces and 9
Seat 4: manggy94 (big blind) showed [Qs Ks] and lost with One pair : Aces


