Winamax Poker - Tournament "Welcome Freeroll" buyIn: Ticket only level: 0 - HandId: #542619609761579075-1-1439750725 - Holdem no limit (10/20) - 2015/08/16 18:45:25 UTC
Table: 'Welcome Freeroll(126338473)#066' 9-max (real money) Seat #5 is the button
Seat 1: DickOnFire69 (3000)
Seat 2: Ntox971 (3000)
Seat 3: Kakio80 (3000)
Seat 4: Victor-poker (3000)
Seat 5: alpha.63 (3000)
Seat 6: Hilton night (3000)
Seat 7: chris-93230 (3000)
Seat 8: pratas (3000)
Seat 9: manggy94 (3000)
*** ANTE/BLINDS ***
Hilton night posts small blind 10
chris-93230 posts big blind 20
Dealt to manggy94 [3d Qs]
*** PRE-FLOP *** 
pratas folds
manggy94 folds
DickOnFire69 folds
Ntox971 folds
Kakio80 folds
Victor-poker folds
alpha.63 folds
Hilton night folds
chris-93230 collected 30 from pot
*** SUMMARY ***
Total pot 30 | No rake
Seat 7: chris-93230 (big blind) won 30


Winamax Poker - Tournament "Welcome Freeroll" buyIn: Ticket only level: 0 - HandId: #542619609761579075-2-1439750901 - Holdem no limit (10/20) - 2015/08/16 18:48:21 UTC
Table: 'Welcome Freeroll(126338473)#066' 9-max (real money) Seat #6 is the button
Seat 1: DickOnFire69 (3000)
Seat 2: Ntox971 (3000)
Seat 3: Kakio80 (3000)
Seat 4: Victor-poker (3000)
Seat 5: alpha.63 (3000)
Seat 6: Hilton night (2990)
Seat 7: chris-93230 (3010)
Seat 8: pratas (3000)
Seat 9: manggy94 (3000)
*** ANTE/BLINDS ***
chris-93230 posts small blind 10
pratas posts big blind 20
Dealt to manggy94 [2c 5d]
*** PRE-FLOP *** 
manggy94 folds
DickOnFire69 calls 20
Ntox971 folds
Kakio80 calls 20
Victor-poker folds
alpha.63 folds
Hilton night folds
chris-93230 calls 10
pratas folds
*** FLOP *** [2d Qh 7d]
chris-93230 checks
DickOnFire69 checks
Kakio80 checks
*** TURN *** [2d Qh 7d][3d]
chris-93230 checks
DickOnFire69 checks
Kakio80 checks
*** RIVER *** [2d Qh 7d 3d][Kd]
chris-93230 bets 240
DickOnFire69 folds
Kakio80 folds
chris-93230 collected 320 from pot
*** SUMMARY ***
Total pot 320 | No rake
Board: [2d Qh 7d 3d Kd]
Seat 7: chris-93230 (small blind) won 320


Winamax Poker - Tournament "Welcome Freeroll" buyIn: Ticket only level: 0 - HandId: #542619609761579075-3-1439750977 - Holdem no limit (10/20) - 2015/08/16 18:49:37 UTC
Table: 'Welcome Freeroll(126338473)#066' 9-max (real money) Seat #7 is the button
Seat 1: DickOnFire69 (2980)
Seat 2: Ntox971 (3000)
Seat 3: Kakio80 (2980)
Seat 4: Victor-poker (3000)
Seat 5: alpha.63 (3000)
Seat 6: Hilton night (2990)
Seat 7: chris-93230 (3070)
Seat 8: pratas (2980)
Seat 9: manggy94 (3000)
*** ANTE/BLINDS ***
pratas posts small blind 10
manggy94 posts big blind 20
Dealt to manggy94 [As Kd]
*** PRE-FLOP *** 
DickOnFire69 calls 20
Ntox971 folds
Kakio80 calls 20
Victor-poker folds
alpha.63 folds
Hilton night folds
chris-93230 folds
pratas folds
manggy94 checks
*** FLOP *** [6d Jc Tc]
manggy94 checks
DickOnFire69 checks
Kakio80 checks
*** TURN *** [6d Jc Tc][Jd]
manggy94 checks
DickOnFire69 checks
Kakio80 checks
*** RIVER *** [6d Jc Tc Jd][5d]
manggy94 checks
DickOnFire69 checks
Kakio80 checks
*** SHOW DOWN ***
DickOnFire69 shows [8s 4s] (One pair : Jacks)
manggy94 shows [As Kd] (One pair : Jacks)
Kakio80 shows [6c Ad] (Two pairs : Jacks and 6)
Kakio80 collected 70 from pot
*** SUMMARY ***
Total pot 70 | No rake
Board: [6d Jc Tc Jd 5d]
Seat 1: DickOnFire69 showed [8s 4s] and lost with One pair : Jacks
Seat 3: Kakio80 showed [6c Ad] and won 70 with Two pairs : Jacks and 6
Seat 9: manggy94 (big blind) showed [As Kd] and lost with One pair : Jacks


Winamax Poker - Tournament "Welcome Freeroll" buyIn: Ticket only level: 0 - HandId: #542619609761579075-4-1439751050 - Holdem no limit (10/20) - 2015/08/16 18:50:50 UTC
Table: 'Welcome Freeroll(126338473)#066' 9-max (real money) Seat #8 is the button
Seat 1: DickOnFire69 (2960)
Seat 2: Ntox971 (3000)
Seat 3: Kakio80 (3030)
Seat 4: Victor-poker (3000)
Seat 5: alpha.63 (3000)
Seat 6: Hilton night (2990)
Seat 7: chris-93230 (3070)
Seat 8: pratas (2970)
Seat 9: manggy94 (2980)
*** ANTE/BLINDS ***
manggy94 posts small blind 10
DickOnFire69 posts big blind 20
Dealt to manggy94 [Qh 3d]
*** PRE-FLOP *** 
Ntox971 folds
Kakio80 calls 20
Victor-poker folds
alpha.63 folds
Hilton night folds
chris-93230 calls 20
pratas folds
manggy94 folds
DickOnFire69 checks
*** FLOP *** [Jc 8c Tc]
DickOnFire69 checks
Kakio80 checks
chris-93230 bets 35
DickOnFire69 folds
Kakio80 calls 35
*** TURN *** [Jc 8c Tc][8h]
Kakio80 checks
chris-93230 bets 50
Kakio80 calls 50
*** RIVER *** [Jc 8c Tc 8h][9d]
Kakio80 checks
chris-93230 checks
*** SHOW DOWN ***
Kakio80 shows [7c 7d] (Straight Jack high)
chris-93230 shows [Qc Jd] (Straight Queen high)
chris-93230 collected 240 from pot
*** SUMMARY ***
Total pot 240 | No rake
Board: [Jc 8c Tc 8h 9d]
Seat 3: Kakio80 showed [7c 7d] and lost with Straight Jack high
Seat 7: chris-93230 showed [Qc Jd] and won 240 with Straight Queen high


Winamax Poker - Tournament "Welcome Freeroll" buyIn: Ticket only level: 1 - HandId: #542619609761579075-5-1439751124 - Holdem no limit (15/30) - 2015/08/16 18:52:04 UTC
Table: 'Welcome Freeroll(126338473)#066' 9-max (real money) Seat #9 is the button
Seat 1: DickOnFire69 (2940)
Seat 2: Ntox971 (3000)
Seat 3: Kakio80 (2925)
Seat 4: Victor-poker (3000)
Seat 5: alpha.63 (3000)
Seat 6: Hilton night (2990)
Seat 7: chris-93230 (3205)
Seat 8: pratas (2970)
Seat 9: manggy94 (2970)
*** ANTE/BLINDS ***
DickOnFire69 posts small blind 15
Ntox971 posts big blind 30
Dealt to manggy94 [5h 9c]
*** PRE-FLOP *** 
Kakio80 calls 30
Victor-poker folds
alpha.63 folds
Hilton night folds
chris-93230 raises 30 to 60
pratas folds
manggy94 folds
DickOnFire69 folds
Ntox971 folds
Kakio80 calls 30
*** FLOP *** [5s 3d 4h]
Kakio80 checks
chris-93230 checks
*** TURN *** [5s 3d 4h][Qc]
Kakio80 checks
chris-93230 checks
*** RIVER *** [5s 3d 4h Qc][Ad]
Kakio80 bets 167
chris-93230 calls 167
*** SHOW DOWN ***
Kakio80 shows [Kh Ac] (One pair : Aces)
chris-93230 shows [Kd Ah] (One pair : Aces)
chris-93230 collected 250 from pot
Kakio80 collected 249 from pot
*** SUMMARY ***
Total pot 499 | No rake
Board: [5s 3d 4h Qc Ad]
Seat 3: Kakio80 showed [Kh Ac] and won 249 with One pair : Aces
Seat 7: chris-93230 showed [Kd Ah] and won 250 with One pair : Aces


Winamax Poker - Tournament "Welcome Freeroll" buyIn: Ticket only level: 1 - HandId: #542619609761579045-7-1439751160 - Holdem no limit (15/30) - 2015/08/16 18:52:40 UTC
Table: 'Welcome Freeroll(126338473)#036' 9-max (real money) Seat #9 is the button
Seat 1: smileys (6060)
Seat 2: rem.chrlt (3000)
Seat 3: KK3010 (2710)
Seat 4: tr00evil (2990)
Seat 5: COuXGaamer (3210)
Seat 6: david.08 (3030)
Seat 7: Micky47 (3000)
Seat 8: manggy94 (2970)
Seat 9: lootiian (8940)
*** ANTE/BLINDS ***
smileys posts small blind 15
rem.chrlt posts big blind 30
Dealt to manggy94 [3c 5s]
*** PRE-FLOP *** 
KK3010 folds
tr00evil folds
COuXGaamer folds
david.08 raises 30 to 60
Micky47 folds
manggy94 folds
lootiian calls 60
smileys calls 45
rem.chrlt folds
*** FLOP *** [Ah Ks Js]
smileys checks
david.08 bets 105
lootiian calls 105
smileys folds
*** TURN *** [Ah Ks Js][7h]
david.08 bets 225
lootiian calls 225
*** RIVER *** [Ah Ks Js 7h][2h]
david.08 bets 580
lootiian folds
david.08 collected 1450 from pot
*** SUMMARY ***
Total pot 1450 | No rake
Board: [Ah Ks Js 7h 2h]
Seat 6: david.08 won 1450


Winamax Poker - Tournament "Welcome Freeroll" buyIn: Ticket only level: 1 - HandId: #542619609761579045-8-1439751240 - Holdem no limit (15/30) - 2015/08/16 18:54:00 UTC
Table: 'Welcome Freeroll(126338473)#036' 9-max (real money) Seat #1 is the button
Seat 1: smileys (6000)
Seat 2: rem.chrlt (2970)
Seat 3: KK3010 (2710)
Seat 4: tr00evil (2990)
Seat 5: COuXGaamer (3210)
Seat 6: david.08 (3510)
Seat 7: Micky47 (3000)
Seat 8: manggy94 (2970)
Seat 9: lootiian (8550)
*** ANTE/BLINDS ***
rem.chrlt posts small blind 15
KK3010 posts big blind 30
Dealt to manggy94 [4c 3s]
*** PRE-FLOP *** 
tr00evil folds
COuXGaamer folds
david.08 folds
Micky47 folds
manggy94 folds
lootiian calls 30
smileys calls 30
rem.chrlt folds
KK3010 checks
*** FLOP *** [Qc Tc 5c]
KK3010 checks
lootiian bets 120
smileys folds
KK3010 calls 120
*** TURN *** [Qc Tc 5c][Ad]
KK3010 checks
lootiian bets 30
KK3010 calls 30
*** RIVER *** [Qc Tc 5c Ad][9h]
KK3010 checks
lootiian checks
*** SHOW DOWN ***
lootiian shows [Td 7c] (One pair : Tens)
KK3010 shows [Qd 3c] (One pair : Queens)
KK3010 collected 405 from pot
*** SUMMARY ***
Total pot 405 | No rake
Board: [Qc Tc 5c Ad 9h]
Seat 3: KK3010 (big blind) showed [Qd 3c] and won 405 with One pair : Queens
Seat 9: lootiian showed [Td 7c] and lost with One pair : Tens


Winamax Poker - Tournament "Welcome Freeroll" buyIn: Ticket only level: 1 - HandId: #542619609761579045-9-1439751603 - Holdem no limit (15/30) - 2015/08/16 19:00:03 UTC
Table: 'Welcome Freeroll(126338473)#036' 9-max (real money) Seat #2 is the button
Seat 1: smileys (5970)
Seat 2: rem.chrlt (2955)
Seat 3: KK3010 (2935)
Seat 4: tr00evil (2990)
Seat 5: COuXGaamer (3210)
Seat 6: david.08 (3510)
Seat 7: Micky47 (3000)
Seat 8: manggy94 (2970)
Seat 9: lootiian (8370)
*** ANTE/BLINDS ***
KK3010 posts small blind 15
tr00evil posts big blind 30
Dealt to manggy94 [8h 7h]
*** PRE-FLOP *** 
COuXGaamer folds
david.08 calls 30
Micky47 folds
manggy94 calls 30
lootiian calls 30
smileys folds
rem.chrlt folds
KK3010 calls 15
tr00evil checks
*** FLOP *** [4c 8d Td]
KK3010 checks
tr00evil checks
david.08 bets 75
manggy94 folds
lootiian calls 75
KK3010 calls 75
tr00evil folds
*** TURN *** [4c 8d Td][Ts]
KK3010 checks
david.08 checks
lootiian checks
*** RIVER *** [4c 8d Td Ts][3h]
KK3010 checks
david.08 checks
lootiian checks
*** SHOW DOWN ***
KK3010 shows [9h Qs] (One pair : Tens)
lootiian shows [Kd 3c] (Two pairs : Tens and 3)
david.08 shows [4d Ad] (Two pairs : Tens and 4)
david.08 collected 375 from pot
*** SUMMARY ***
Total pot 375 | No rake
Board: [4c 8d Td Ts 3h]
Seat 3: KK3010 (small blind) showed [9h Qs] and lost with One pair : Tens
Seat 6: david.08 showed [4d Ad] and won 375 with Two pairs : Tens and 4
Seat 9: lootiian showed [Kd 3c] and lost with Two pairs : Tens and 3


Winamax Poker - Tournament "Welcome Freeroll" buyIn: Ticket only level: 1 - HandId: #542619609761579045-10-1439751724 - Holdem no limit (15/30) - 2015/08/16 19:02:04 UTC
Table: 'Welcome Freeroll(126338473)#036' 9-max (real money) Seat #3 is the button
Seat 1: smileys (5970)
Seat 2: rem.chrlt (2955)
Seat 3: KK3010 (2830)
Seat 4: tr00evil (2960)
Seat 5: COuXGaamer (3210)
Seat 6: david.08 (3780)
Seat 7: Micky47 (3000)
Seat 8: manggy94 (2940)
Seat 9: lootiian (8265)
*** ANTE/BLINDS ***
tr00evil posts small blind 15
COuXGaamer posts big blind 30
Dealt to manggy94 [Tc 7d]
*** PRE-FLOP *** 
david.08 folds
Micky47 folds
manggy94 folds
lootiian raises 8235 to 8265 and is all-in
smileys folds
rem.chrlt folds
KK3010 folds
tr00evil folds
COuXGaamer folds
lootiian collected 8310 from pot
*** SUMMARY ***
Total pot 8310 | No rake
Seat 9: lootiian won 8310


Winamax Poker - Tournament "Welcome Freeroll" buyIn: Ticket only level: 2 - HandId: #542619609761579045-11-1439751754 - Holdem no limit (20/40) - 2015/08/16 19:02:34 UTC
Table: 'Welcome Freeroll(126338473)#036' 9-max (real money) Seat #4 is the button
Seat 1: smileys (5970)
Seat 2: rem.chrlt (2955)
Seat 3: KK3010 (2830)
Seat 4: tr00evil (2945)
Seat 5: COuXGaamer (3180)
Seat 6: david.08 (3780)
Seat 7: Micky47 (3000)
Seat 8: manggy94 (2940)
Seat 9: lootiian (8310)
*** ANTE/BLINDS ***
COuXGaamer posts small blind 20
david.08 posts big blind 40
Dealt to manggy94 [8h 2h]
*** PRE-FLOP *** 
Micky47 folds
manggy94 calls 40
lootiian raises 8270 to 8310 and is all-in
smileys folds
rem.chrlt folds
KK3010 folds
tr00evil folds
COuXGaamer folds
david.08 folds
manggy94 folds
lootiian collected 8410 from pot
*** SUMMARY ***
Total pot 8410 | No rake
Seat 9: lootiian won 8410


Winamax Poker - Tournament "Welcome Freeroll" buyIn: Ticket only level: 2 - HandId: #542619609761579045-12-1439751795 - Holdem no limit (20/40) - 2015/08/16 19:03:15 UTC
Table: 'Welcome Freeroll(126338473)#036' 9-max (real money) Seat #5 is the button
Seat 1: smileys (5970)
Seat 2: rem.chrlt (2955)
Seat 3: KK3010 (2830)
Seat 4: tr00evil (2945)
Seat 5: COuXGaamer (3160)
Seat 6: david.08 (3740)
Seat 7: Micky47 (3000)
Seat 8: manggy94 (2900)
Seat 9: lootiian (8410)
*** ANTE/BLINDS ***
david.08 posts small blind 20
Micky47 posts big blind 40
Dealt to manggy94 [6s 3s]
*** PRE-FLOP *** 
manggy94 folds
lootiian folds
smileys folds
rem.chrlt folds
KK3010 folds
tr00evil folds
COuXGaamer folds
david.08 folds
Micky47 collected 60 from pot
*** SUMMARY ***
Total pot 60 | No rake
Seat 7: Micky47 (big blind) won 60


Winamax Poker - Tournament "Welcome Freeroll" buyIn: Ticket only level: 2 - HandId: #542619609761579045-13-1439751812 - Holdem no limit (20/40) - 2015/08/16 19:03:32 UTC
Table: 'Welcome Freeroll(126338473)#036' 9-max (real money) Seat #6 is the button
Seat 1: smileys (5970)
Seat 2: rem.chrlt (2955)
Seat 3: KK3010 (2830)
Seat 4: tr00evil (2945)
Seat 5: COuXGaamer (3160)
Seat 6: david.08 (3720)
Seat 7: Micky47 (3020)
Seat 8: manggy94 (2900)
Seat 9: lootiian (8410)
*** ANTE/BLINDS ***
Micky47 posts small blind 20
manggy94 posts big blind 40
Dealt to manggy94 [7s Jh]
*** PRE-FLOP *** 
lootiian folds
smileys raises 80 to 120
rem.chrlt folds
KK3010 folds
tr00evil folds
COuXGaamer folds
david.08 folds
Micky47 folds
manggy94 calls 80
*** FLOP *** [Kd 6s Kc]
manggy94 checks
smileys bets 260
manggy94 folds
smileys collected 520 from pot
*** SUMMARY ***
Total pot 520 | No rake
Board: [Kd 6s Kc]
Seat 1: smileys won 520


Winamax Poker - Tournament "Welcome Freeroll" buyIn: Ticket only level: 2 - HandId: #542619609761579045-14-1439751861 - Holdem no limit (20/40) - 2015/08/16 19:04:21 UTC
Table: 'Welcome Freeroll(126338473)#036' 9-max (real money) Seat #7 is the button
Seat 1: smileys (6110)
Seat 2: rem.chrlt (2955)
Seat 3: KK3010 (2830)
Seat 4: tr00evil (2945)
Seat 5: COuXGaamer (3160)
Seat 6: david.08 (3720)
Seat 7: Micky47 (3000)
Seat 8: manggy94 (2780)
Seat 9: lootiian (8410)
*** ANTE/BLINDS ***
manggy94 posts small blind 20
lootiian posts big blind 40
Dealt to manggy94 [3s Td]
*** PRE-FLOP *** 
smileys raises 40 to 80
rem.chrlt folds
KK3010 calls 80
tr00evil folds
COuXGaamer folds
david.08 calls 80
Micky47 folds
manggy94 folds
lootiian raises 8330 to 8410 and is all-in
smileys folds
KK3010 folds
david.08 folds
lootiian collected 8670 from pot
*** SUMMARY ***
Total pot 8670 | No rake
Seat 9: lootiian (big blind) won 8670


Winamax Poker - Tournament "Welcome Freeroll" buyIn: Ticket only level: 2 - HandId: #542619609761579045-15-1439751907 - Holdem no limit (20/40) - 2015/08/16 19:05:07 UTC
Table: 'Welcome Freeroll(126338473)#036' 9-max (real money) Seat #8 is the button
Seat 1: smileys (6030)
Seat 2: rem.chrlt (2955)
Seat 3: KK3010 (2750)
Seat 4: tr00evil (2945)
Seat 5: COuXGaamer (3160)
Seat 6: david.08 (3640)
Seat 7: Micky47 (3000)
Seat 8: manggy94 (2760)
Seat 9: lootiian (8670)
*** ANTE/BLINDS ***
lootiian posts small blind 20
smileys posts big blind 40
Dealt to manggy94 [Kd 4h]
*** PRE-FLOP *** 
rem.chrlt folds
KK3010 folds
tr00evil calls 40
COuXGaamer folds
david.08 folds
Micky47 folds
manggy94 calls 40
lootiian calls 20
smileys checks
*** FLOP *** [9d 2s Js]
lootiian checks
smileys checks
tr00evil bets 100
manggy94 folds
lootiian folds
smileys folds
tr00evil collected 260 from pot
*** SUMMARY ***
Total pot 260 | No rake
Board: [9d 2s Js]
Seat 4: tr00evil won 260


Winamax Poker - Tournament "Welcome Freeroll" buyIn: Ticket only level: 2 - HandId: #542619609761579045-16-1439751949 - Holdem no limit (20/40) - 2015/08/16 19:05:49 UTC
Table: 'Welcome Freeroll(126338473)#036' 9-max (real money) Seat #9 is the button
Seat 1: smileys (5990)
Seat 2: rem.chrlt (2955)
Seat 3: KK3010 (2750)
Seat 4: tr00evil (3065)
Seat 5: COuXGaamer (3160)
Seat 6: david.08 (3640)
Seat 7: Micky47 (3000)
Seat 8: manggy94 (2720)
Seat 9: lootiian (8630)
*** ANTE/BLINDS ***
smileys posts small blind 20
rem.chrlt posts big blind 40
Dealt to manggy94 [Qd 8s]
*** PRE-FLOP *** 
KK3010 calls 40
tr00evil folds
COuXGaamer folds
david.08 folds
Micky47 folds
manggy94 folds
lootiian calls 40
smileys calls 20
rem.chrlt folds
*** FLOP *** [Ah 4s Kc]
smileys bets 80
KK3010 raises 80 to 160
lootiian calls 160
smileys calls 80
*** TURN *** [Ah 4s Kc][Qc]
smileys checks
KK3010 checks
lootiian bets 140
smileys calls 140
KK3010 calls 140
*** RIVER *** [Ah 4s Kc Qc][9s]
smileys checks
KK3010 checks
lootiian bets 200
smileys calls 200
KK3010 calls 200
*** SHOW DOWN ***
lootiian shows [Kd 5h] (One pair : Kings)
smileys shows [7c As] (One pair : Aces)
KK3010 shows [Ac 8d] (One pair : Aces)
KK3010 collected 830 from pot
smileys collected 830 from pot
*** SUMMARY ***
Total pot 1660 | No rake
Board: [Ah 4s Kc Qc 9s]
Seat 1: smileys (small blind) showed [7c As] and won 830 with One pair : Aces
Seat 3: KK3010 showed [Ac 8d] and won 830 with One pair : Aces
Seat 9: lootiian (button) showed [Kd 5h] and lost with One pair : Kings


Winamax Poker - Tournament "Welcome Freeroll" buyIn: Ticket only level: 2 - HandId: #542619609761579045-17-1439752011 - Holdem no limit (20/40) - 2015/08/16 19:06:51 UTC
Table: 'Welcome Freeroll(126338473)#036' 9-max (real money) Seat #1 is the button
Seat 1: smileys (6280)
Seat 2: rem.chrlt (2915)
Seat 3: KK3010 (3040)
Seat 4: tr00evil (3065)
Seat 5: COuXGaamer (3160)
Seat 6: david.08 (3640)
Seat 7: Micky47 (3000)
Seat 8: manggy94 (2720)
Seat 9: lootiian (8090)
*** ANTE/BLINDS ***
rem.chrlt posts small blind 20
KK3010 posts big blind 40
Dealt to manggy94 [4h 9h]
*** PRE-FLOP *** 
tr00evil calls 40
COuXGaamer folds
david.08 folds
Micky47 folds
manggy94 calls 40
lootiian calls 40
smileys folds
rem.chrlt folds
KK3010 checks
*** FLOP *** [6d 2c Ac]
KK3010 checks
tr00evil checks
manggy94 checks
lootiian bets 3860
KK3010 folds
tr00evil folds
manggy94 folds
lootiian collected 4040 from pot
*** SUMMARY ***
Total pot 4040 | No rake
Board: [6d 2c Ac]
Seat 9: lootiian won 4040


Winamax Poker - Tournament "Welcome Freeroll" buyIn: Ticket only level: 2 - HandId: #542619609761579045-18-1439752056 - Holdem no limit (20/40) - 2015/08/16 19:07:36 UTC
Table: 'Welcome Freeroll(126338473)#036' 9-max (real money) Seat #2 is the button
Seat 1: smileys (6280)
Seat 2: rem.chrlt (2895)
Seat 3: KK3010 (3000)
Seat 4: tr00evil (3025)
Seat 5: COuXGaamer (3160)
Seat 6: david.08 (3640)
Seat 7: Micky47 (3000)
Seat 8: manggy94 (2680)
Seat 9: lootiian (8230)
*** ANTE/BLINDS ***
KK3010 posts small blind 20
tr00evil posts big blind 40
Dealt to manggy94 [6d Js]
*** PRE-FLOP *** 
COuXGaamer folds
david.08 folds
Micky47 folds
manggy94 folds
lootiian calls 40
smileys folds
rem.chrlt folds
KK3010 calls 20
tr00evil checks
*** FLOP *** [Kc 7s Qs]
KK3010 bets 40
tr00evil raises 120 to 160
lootiian folds
KK3010 calls 120
*** TURN *** [Kc 7s Qs][Qd]
KK3010 checks
tr00evil bets 220
KK3010 folds
tr00evil collected 660 from pot
*** SUMMARY ***
Total pot 660 | No rake
Board: [Kc 7s Qs Qd]
Seat 4: tr00evil (big blind) won 660


Winamax Poker - Tournament "Welcome Freeroll" buyIn: Ticket only level: 3 - HandId: #542619609761579045-19-1439752122 - Holdem no limit (30/60) - 2015/08/16 19:08:42 UTC
Table: 'Welcome Freeroll(126338473)#036' 9-max (real money) Seat #3 is the button
Seat 1: smileys (6280)
Seat 2: rem.chrlt (2895)
Seat 3: KK3010 (2800)
Seat 4: tr00evil (3265)
Seat 5: COuXGaamer (3160)
Seat 6: david.08 (3640)
Seat 7: Micky47 (3000)
Seat 8: manggy94 (2680)
Seat 9: lootiian (8190)
*** ANTE/BLINDS ***
tr00evil posts small blind 30
COuXGaamer posts big blind 60
Dealt to manggy94 [8d 2h]
*** PRE-FLOP *** 
david.08 folds
Micky47 folds
manggy94 folds
lootiian calls 60
smileys folds
rem.chrlt folds
KK3010 calls 60
tr00evil calls 30
COuXGaamer checks
*** FLOP *** [Kc 8c Td]
tr00evil checks
COuXGaamer checks
lootiian checks
KK3010 checks
*** TURN *** [Kc 8c Td][7c]
tr00evil checks
COuXGaamer checks
lootiian bets 180
KK3010 folds
tr00evil folds
COuXGaamer folds
lootiian collected 420 from pot
*** SUMMARY ***
Total pot 420 | No rake
Board: [Kc 8c Td 7c]
Seat 9: lootiian won 420


Winamax Poker - Tournament "Welcome Freeroll" buyIn: Ticket only level: 3 - HandId: #542619609761579045-20-1439752168 - Holdem no limit (30/60) - 2015/08/16 19:09:28 UTC
Table: 'Welcome Freeroll(126338473)#036' 9-max (real money) Seat #4 is the button
Seat 1: smileys (6280)
Seat 2: rem.chrlt (2895)
Seat 3: KK3010 (2740)
Seat 4: tr00evil (3205)
Seat 5: COuXGaamer (3100)
Seat 6: david.08 (3640)
Seat 7: Micky47 (3000)
Seat 8: manggy94 (2680)
Seat 9: lootiian (8370)
*** ANTE/BLINDS ***
COuXGaamer posts small blind 30
david.08 posts big blind 60
Dealt to manggy94 [Ts 3s]
*** PRE-FLOP *** 
Micky47 calls 60
manggy94 folds
lootiian calls 60
smileys raises 180 to 240
rem.chrlt folds
KK3010 folds
tr00evil folds
COuXGaamer folds
david.08 calls 180
Micky47 calls 180
lootiian calls 180
*** FLOP *** [7c 5d Jc]
david.08 checks
Micky47 checks
lootiian checks
smileys checks
*** TURN *** [7c 5d Jc][9d]
david.08 bets 990
Micky47 folds
lootiian folds
smileys calls 990
*** RIVER *** [7c 5d Jc 9d][4c]
david.08 checks
smileys checks
*** SHOW DOWN ***
smileys shows [Ks Qc] (High card : King)
david.08 shows [6h 8h] (Straight 9 high)
david.08 collected 2970 from pot
*** SUMMARY ***
Total pot 2970 | No rake
Board: [7c 5d Jc 9d 4c]
Seat 1: smileys showed [Ks Qc] and lost with High card : King
Seat 6: david.08 (big blind) showed [6h 8h] and won 2970 with Straight 9 high


Winamax Poker - Tournament "Welcome Freeroll" buyIn: Ticket only level: 3 - HandId: #542619609761579045-21-1439752250 - Holdem no limit (30/60) - 2015/08/16 19:10:50 UTC
Table: 'Welcome Freeroll(126338473)#036' 9-max (real money) Seat #5 is the button
Seat 1: smileys (5050)
Seat 2: rem.chrlt (2895)
Seat 3: KK3010 (2740)
Seat 4: tr00evil (3205)
Seat 5: COuXGaamer (3070)
Seat 6: david.08 (5380)
Seat 7: Micky47 (2760)
Seat 8: manggy94 (2680)
Seat 9: lootiian (8130)
*** ANTE/BLINDS ***
david.08 posts small blind 30
Micky47 posts big blind 60
Dealt to manggy94 [9c Jc]
*** PRE-FLOP *** 
manggy94 calls 60
lootiian calls 60
smileys folds
rem.chrlt folds
KK3010 folds
tr00evil folds
COuXGaamer folds
david.08 calls 30
Micky47 checks
*** FLOP *** [Ad Ac Jd]
david.08 checks
Micky47 checks
manggy94 bets 240
lootiian raises 7830 to 8070 and is all-in
david.08 folds
Micky47 folds
manggy94 folds
lootiian collected 8550 from pot
*** SUMMARY ***
Total pot 8550 | No rake
Board: [Ad Ac Jd]
Seat 9: lootiian won 8550


Winamax Poker - Tournament "Welcome Freeroll" buyIn: Ticket only level: 3 - HandId: #542619609761579045-22-1439752313 - Holdem no limit (30/60) - 2015/08/16 19:11:53 UTC
Table: 'Welcome Freeroll(126338473)#036' 9-max (real money) Seat #6 is the button
Seat 1: smileys (5050)
Seat 2: rem.chrlt (2895)
Seat 3: KK3010 (2740)
Seat 4: tr00evil (3205)
Seat 5: COuXGaamer (3070)
Seat 6: thonin62 (3020)
Seat 7: Micky47 (2700)
Seat 8: manggy94 (2380)
Seat 9: lootiian (8550)
*** ANTE/BLINDS ***
Micky47 posts small blind 30
manggy94 posts big blind 60
Dealt to manggy94 [Qc 3c]
*** PRE-FLOP *** 
lootiian raises 8490 to 8550 and is all-in
smileys folds
rem.chrlt folds
KK3010 folds
tr00evil folds
COuXGaamer folds
Micky47 folds
manggy94 folds
lootiian collected 8640 from pot
*** SUMMARY ***
Total pot 8640 | No rake
Seat 9: lootiian won 8640


Winamax Poker - Tournament "Welcome Freeroll" buyIn: Ticket only level: 3 - HandId: #542619609761579045-23-1439752343 - Holdem no limit (30/60) - 2015/08/16 19:12:23 UTC
Table: 'Welcome Freeroll(126338473)#036' 9-max (real money) Seat #7 is the button
Seat 1: smileys (5050)
Seat 2: rem.chrlt (2895)
Seat 3: KK3010 (2740)
Seat 4: tr00evil (3205)
Seat 5: COuXGaamer (3070)
Seat 6: thonin62 (3020)
Seat 7: Micky47 (2670)
Seat 8: manggy94 (2320)
Seat 9: lootiian (8640)
*** ANTE/BLINDS ***
manggy94 posts small blind 30
lootiian posts big blind 60
Dealt to manggy94 [9d 3c]
*** PRE-FLOP *** 
smileys raises 120 to 180
rem.chrlt folds
KK3010 folds
tr00evil folds
COuXGaamer folds
thonin62 folds
Micky47 calls 180
manggy94 folds
lootiian calls 120
*** FLOP *** [6s 8c 8h]
lootiian checks
smileys bets 285
Micky47 folds
lootiian calls 285
*** TURN *** [6s 8c 8h][7h]
lootiian checks
smileys checks
*** RIVER *** [6s 8c 8h 7h][7s]
lootiian bets 8175 and is all-in
smileys calls 4585 and is all-in
*** SHOW DOWN ***
smileys shows [Kh Qs] (Two pairs : 8 and 7)
lootiian shows [8s Ad] (Full of 8 and 7)
lootiian collected 13900 from pot
*** SUMMARY ***
Total pot 13900 | No rake
Board: [6s 8c 8h 7h 7s]
Seat 1: smileys showed [Kh Qs] and lost with Two pairs : 8 and 7
Seat 9: lootiian (big blind) showed [8s Ad] and won 13900 with Full of 8 and 7


Winamax Poker - Tournament "Welcome Freeroll" buyIn: Ticket only level: 3 - HandId: #542619609761579045-24-1439752396 - Holdem no limit (30/60) - 2015/08/16 19:13:16 UTC
Table: 'Welcome Freeroll(126338473)#036' 9-max (real money) Seat #8 is the button
Seat 2: rem.chrlt (2895)
Seat 3: KK3010 (2740)
Seat 4: tr00evil (3205)
Seat 5: COuXGaamer (3070)
Seat 6: thonin62 (3020)
Seat 7: Micky47 (2490)
Seat 8: manggy94 (2290)
Seat 9: lootiian (13900)
*** ANTE/BLINDS ***
lootiian posts small blind 30
rem.chrlt posts big blind 60
Dealt to manggy94 [5s Qh]
*** PRE-FLOP *** 
KK3010 folds
tr00evil folds
COuXGaamer folds
thonin62 folds
Micky47 folds
manggy94 calls 60
lootiian calls 30
rem.chrlt folds
*** FLOP *** [Qd 8h 6c]
lootiian checks
manggy94 bets 180
lootiian folds
manggy94 collected 360 from pot
*** SUMMARY ***
Total pot 360 | No rake
Board: [Qd 8h 6c]
Seat 8: manggy94 (button) won 360


Winamax Poker - Tournament "Welcome Freeroll" buyIn: Ticket only level: 3 - HandId: #542619609761579045-25-1439752432 - Holdem no limit (30/60) - 2015/08/16 19:13:52 UTC
Table: 'Welcome Freeroll(126338473)#036' 9-max (real money) Seat #9 is the button
Seat 2: rem.chrlt (2835)
Seat 3: KK3010 (2740)
Seat 4: tr00evil (3205)
Seat 5: COuXGaamer (3070)
Seat 6: thonin62 (3020)
Seat 7: Micky47 (2490)
Seat 8: manggy94 (2410)
Seat 9: lootiian (13840)
*** ANTE/BLINDS ***
rem.chrlt posts small blind 30
KK3010 posts big blind 60
Dealt to manggy94 [Qs 7s]
*** PRE-FLOP *** 
tr00evil folds
COuXGaamer folds
thonin62 raises 2960 to 3020 and is all-in
Micky47 folds
manggy94 folds
lootiian calls 3020
rem.chrlt folds
KK3010 folds
*** FLOP *** [3s 8c 7d]
*** TURN *** [3s 8c 7d][Ts]
*** RIVER *** [3s 8c 7d Ts][Ad]
*** SHOW DOWN ***
lootiian shows [Kh 3c] (One pair : 3)
thonin62 shows [Jh Jc] (One pair : Jacks)
thonin62 collected 6130 from pot
*** SUMMARY ***
Total pot 6130 | No rake
Board: [3s 8c 7d Ts Ad]
Seat 6: thonin62 showed [Jh Jc] and won 6130 with One pair : Jacks
Seat 9: lootiian (button) showed [Kh 3c] and lost with One pair : 3


Winamax Poker - Tournament "Welcome Freeroll" buyIn: Ticket only level: 3 - HandId: #542619609761579045-26-1439752461 - Holdem no limit (30/60) - 2015/08/16 19:14:21 UTC
Table: 'Welcome Freeroll(126338473)#036' 9-max (real money) Seat #2 is the button
Seat 1: DevilCrowns (2825)
Seat 2: rem.chrlt (2805)
Seat 3: KK3010 (2680)
Seat 4: tr00evil (3205)
Seat 5: COuXGaamer (3070)
Seat 6: thonin62 (6130)
Seat 7: Micky47 (2490)
Seat 8: manggy94 (2410)
Seat 9: lootiian (10820)
*** ANTE/BLINDS ***
KK3010 posts small blind 30
tr00evil posts big blind 60
Dealt to manggy94 [5s Td]
*** PRE-FLOP *** 
COuXGaamer calls 60
thonin62 folds
Micky47 raises 60 to 120
manggy94 folds
lootiian calls 120
DevilCrowns folds
rem.chrlt folds
KK3010 folds
tr00evil raises 480 to 600
COuXGaamer folds
Micky47 folds
lootiian calls 480
*** FLOP *** [5h 4h 5d]
tr00evil bets 940
lootiian folds
tr00evil collected 2350 from pot
*** SUMMARY ***
Total pot 2350 | No rake
Board: [5h 4h 5d]
Seat 4: tr00evil (big blind) won 2350


Winamax Poker - Tournament "Welcome Freeroll" buyIn: Ticket only level: 4 - HandId: #542619609761579045-27-1439752508 - Holdem no limit (40/80) - 2015/08/16 19:15:08 UTC
Table: 'Welcome Freeroll(126338473)#036' 9-max (real money) Seat #3 is the button
Seat 1: DevilCrowns (2825)
Seat 2: rem.chrlt (2805)
Seat 3: KK3010 (2650)
Seat 4: tr00evil (4015)
Seat 5: COuXGaamer (3010)
Seat 6: thonin62 (6130)
Seat 7: Micky47 (2370)
Seat 8: manggy94 (2410)
Seat 9: lootiian (10220)
*** ANTE/BLINDS ***
tr00evil posts small blind 40
COuXGaamer posts big blind 80
Dealt to manggy94 [Jc 3s]
*** PRE-FLOP *** 
thonin62 folds
Micky47 folds
manggy94 folds
lootiian raises 10140 to 10220 and is all-in
DevilCrowns folds
rem.chrlt folds
KK3010 folds
tr00evil folds
COuXGaamer folds
lootiian shows [2d 2c] (One pair : 2)
lootiian collected 10340 from pot
*** SUMMARY ***
Total pot 10340 | No rake
Seat 9: lootiian showed [2d 2c] and won 10340 with One pair : 2


Winamax Poker - Tournament "Welcome Freeroll" buyIn: Ticket only level: 4 - HandId: #542619609761579045-28-1439752543 - Holdem no limit (40/80) - 2015/08/16 19:15:43 UTC
Table: 'Welcome Freeroll(126338473)#036' 9-max (real money) Seat #4 is the button
Seat 1: DevilCrowns (2825)
Seat 2: rem.chrlt (2805)
Seat 3: KK3010 (2650)
Seat 4: tr00evil (3975)
Seat 5: COuXGaamer (2930)
Seat 6: thonin62 (6130)
Seat 7: Micky47 (2370)
Seat 8: manggy94 (2410)
Seat 9: lootiian (10340)
*** ANTE/BLINDS ***
COuXGaamer posts small blind 40
thonin62 posts big blind 80
Dealt to manggy94 [7s 4d]
*** PRE-FLOP *** 
Micky47 folds
manggy94 folds
lootiian calls 80
DevilCrowns folds
rem.chrlt folds
KK3010 calls 80
tr00evil folds
COuXGaamer folds
thonin62 checks
*** FLOP *** [Qc Jc Ad]
thonin62 checks
lootiian checks
KK3010 bets 280
thonin62 calls 280
lootiian folds
*** TURN *** [Qc Jc Ad][5d]
thonin62 checks
KK3010 checks
*** RIVER *** [Qc Jc Ad 5d][6d]
thonin62 checks
KK3010 bets 2290 and is all-in
thonin62 folds
KK3010 collected 3130 from pot
*** SUMMARY ***
Total pot 3130 | No rake
Board: [Qc Jc Ad 5d 6d]
Seat 3: KK3010 won 3130


Winamax Poker - Tournament "Welcome Freeroll" buyIn: Ticket only level: 4 - HandId: #542619609761579045-29-1439752582 - Holdem no limit (40/80) - 2015/08/16 19:16:22 UTC
Table: 'Welcome Freeroll(126338473)#036' 9-max (real money) Seat #5 is the button
Seat 1: DevilCrowns (2825)
Seat 2: rem.chrlt (2805)
Seat 3: KK3010 (3130)
Seat 4: tr00evil (3975)
Seat 5: COuXGaamer (2890)
Seat 6: thonin62 (5770)
Seat 7: Micky47 (2370)
Seat 8: manggy94 (2410)
Seat 9: lootiian (10260)
*** ANTE/BLINDS ***
thonin62 posts small blind 40
Micky47 posts big blind 80
Dealt to manggy94 [6d Js]
*** PRE-FLOP *** 
manggy94 folds
lootiian calls 80
DevilCrowns folds
rem.chrlt folds
KK3010 calls 80
tr00evil folds
COuXGaamer folds
thonin62 raises 5690 to 5770 and is all-in
Micky47 folds
lootiian folds
KK3010 folds
thonin62 collected 6010 from pot
*** SUMMARY ***
Total pot 6010 | No rake
Seat 6: thonin62 (small blind) won 6010


Winamax Poker - Tournament "Welcome Freeroll" buyIn: Ticket only level: 4 - HandId: #542619609761579045-30-1439752635 - Holdem no limit (40/80) - 2015/08/16 19:17:15 UTC
Table: 'Welcome Freeroll(126338473)#036' 9-max (real money) Seat #6 is the button
Seat 1: DevilCrowns (2825)
Seat 2: rem.chrlt (2805)
Seat 3: KK3010 (3050)
Seat 4: tr00evil (3975)
Seat 5: COuXGaamer (2890)
Seat 6: thonin62 (6010)
Seat 7: Micky47 (2290)
Seat 8: manggy94 (2410)
Seat 9: lootiian (10180)
*** ANTE/BLINDS ***
Micky47 posts small blind 40
manggy94 posts big blind 80
Dealt to manggy94 [As Ks]
*** PRE-FLOP *** 
lootiian calls 80
DevilCrowns folds
rem.chrlt folds
KK3010 calls 80
tr00evil calls 80
COuXGaamer calls 80
thonin62 folds
Micky47 calls 40
manggy94 raises 480 to 560
lootiian calls 480
KK3010 folds
tr00evil folds
COuXGaamer calls 480
Micky47 folds
*** FLOP *** [9s Jd Ac]
manggy94 bets 1850 and is all-in
lootiian calls 1850
COuXGaamer folds
*** TURN *** [9s Jd Ac][4d]
*** RIVER *** [9s Jd Ac 4d][Qc]
*** SHOW DOWN ***
lootiian shows [Kd 4h] (One pair : 4)
manggy94 shows [As Ks] (One pair : Aces)
manggy94 collected 5620 from pot
*** SUMMARY ***
Total pot 5620 | No rake
Board: [9s Jd Ac 4d Qc]
Seat 8: manggy94 (big blind) showed [As Ks] and won 5620 with One pair : Aces
Seat 9: lootiian showed [Kd 4h] and lost with One pair : 4


Winamax Poker - Tournament "Welcome Freeroll" buyIn: Ticket only level: 4 - HandId: #542619609761579045-31-1439752697 - Holdem no limit (40/80) - 2015/08/16 19:18:17 UTC
Table: 'Welcome Freeroll(126338473)#036' 9-max (real money) Seat #7 is the button
Seat 1: DevilCrowns (2825)
Seat 2: rem.chrlt (2805)
Seat 3: KK3010 (2970)
Seat 4: tr00evil (3895)
Seat 5: COuXGaamer (2330)
Seat 6: thonin62 (6010)
Seat 7: Micky47 (2210)
Seat 8: manggy94 (5620)
Seat 9: lootiian (7770)
*** ANTE/BLINDS ***
manggy94 posts small blind 40
lootiian posts big blind 80
Dealt to manggy94 [3c 9d]
*** PRE-FLOP *** 
DevilCrowns folds
rem.chrlt folds
KK3010 calls 80
tr00evil folds
COuXGaamer folds
thonin62 folds
Micky47 folds
manggy94 folds
lootiian checks
*** FLOP *** [Kd 2h Jh]
lootiian bets 560
KK3010 folds
lootiian collected 760 from pot
*** SUMMARY ***
Total pot 760 | No rake
Board: [Kd 2h Jh]
Seat 9: lootiian (big blind) won 760


Winamax Poker - Tournament "Welcome Freeroll" buyIn: Ticket only level: 4 - HandId: #542619609761579045-32-1439752723 - Holdem no limit (40/80) - 2015/08/16 19:18:43 UTC
Table: 'Welcome Freeroll(126338473)#036' 9-max (real money) Seat #8 is the button
Seat 1: DevilCrowns (2825)
Seat 2: rem.chrlt (2805)
Seat 3: KK3010 (2890)
Seat 4: tr00evil (3895)
Seat 5: COuXGaamer (2330)
Seat 6: thonin62 (6010)
Seat 7: Micky47 (2210)
Seat 8: manggy94 (5580)
Seat 9: lootiian (7890)
*** ANTE/BLINDS ***
lootiian posts small blind 40
DevilCrowns posts big blind 80
Dealt to manggy94 [5d Tc]
*** PRE-FLOP *** 
rem.chrlt folds
KK3010 folds
tr00evil folds
COuXGaamer folds
thonin62 folds
Micky47 folds
manggy94 folds
lootiian raises 7810 to 7890 and is all-in
DevilCrowns folds
lootiian collected 7970 from pot
*** SUMMARY ***
Total pot 7970 | No rake
Seat 9: lootiian (small blind) won 7970


Winamax Poker - Tournament "Welcome Freeroll" buyIn: Ticket only level: 4 - HandId: #542619609761579045-33-1439752758 - Holdem no limit (40/80) - 2015/08/16 19:19:18 UTC
Table: 'Welcome Freeroll(126338473)#036' 9-max (real money) Seat #9 is the button
Seat 1: DevilCrowns (2745)
Seat 2: rem.chrlt (2805)
Seat 3: KK3010 (2890)
Seat 4: tr00evil (3895)
Seat 5: COuXGaamer (2330)
Seat 6: thonin62 (6010)
Seat 7: Micky47 (2210)
Seat 8: manggy94 (5580)
Seat 9: lootiian (7970)
*** ANTE/BLINDS ***
DevilCrowns posts small blind 40
rem.chrlt posts big blind 80
Dealt to manggy94 [4d Kh]
*** PRE-FLOP *** 
KK3010 calls 80
tr00evil folds
COuXGaamer folds
thonin62 raises 5930 to 6010 and is all-in
Micky47 folds
manggy94 folds
lootiian calls 6010
DevilCrowns folds
rem.chrlt folds
KK3010 folds
*** FLOP *** [8c 6c 7h]
*** TURN *** [8c 6c 7h][Ts]
*** RIVER *** [8c 6c 7h Ts][Jh]
*** SHOW DOWN ***
lootiian shows [Ad 8s] (One pair : 8)
thonin62 shows [Qc Jc] (One pair : Jacks)
thonin62 collected 12220 from pot
*** SUMMARY ***
Total pot 12220 | No rake
Board: [8c 6c 7h Ts Jh]
Seat 6: thonin62 showed [Qc Jc] and won 12220 with One pair : Jacks
Seat 9: lootiian (button) showed [Ad 8s] and lost with One pair : 8


Winamax Poker - Tournament "Welcome Freeroll" buyIn: Ticket only level: 4 - HandId: #542619609761579045-34-1439752802 - Holdem no limit (40/80) - 2015/08/16 19:20:02 UTC
Table: 'Welcome Freeroll(126338473)#036' 9-max (real money) Seat #1 is the button
Seat 1: DevilCrowns (2705)
Seat 2: rem.chrlt (2725)
Seat 3: KK3010 (2810)
Seat 4: tr00evil (3895)
Seat 5: COuXGaamer (2330)
Seat 6: thonin62 (12220)
Seat 7: Micky47 (2210)
Seat 8: manggy94 (5580)
Seat 9: lootiian (1960)
*** ANTE/BLINDS ***
rem.chrlt posts small blind 40
KK3010 posts big blind 80
Dealt to manggy94 [7d Ad]
*** PRE-FLOP *** 
tr00evil folds
COuXGaamer folds
thonin62 raises 12140 to 12220 and is all-in
Micky47 folds
manggy94 folds
lootiian calls 1960 and is all-in
DevilCrowns folds
rem.chrlt folds
KK3010 folds
*** FLOP *** [4c 7c 3h]
*** TURN *** [4c 7c 3h][4h]
*** RIVER *** [4c 7c 3h 4h][3c]
*** SHOW DOWN ***
lootiian shows [Kd 5s] (Two pairs : 4 and 3)
thonin62 shows [As Qc] (Two pairs : 4 and 3)
thonin62 collected 14300 from pot
*** SUMMARY ***
Total pot 14300 | No rake
Board: [4c 7c 3h 4h 3c]
Seat 6: thonin62 showed [As Qc] and won 14300 with Two pairs : 4 and 3
Seat 9: lootiian showed [Kd 5s] and lost with Two pairs : 4 and 3


Winamax Poker - Tournament "Welcome Freeroll" buyIn: Ticket only level: 5 - HandId: #542619609761579045-35-1439752827 - Holdem no limit (60/120) - 2015/08/16 19:20:27 UTC
Table: 'Welcome Freeroll(126338473)#036' 9-max (real money) Seat #2 is the button
Seat 1: DevilCrowns (2705)
Seat 2: rem.chrlt (2685)
Seat 3: KK3010 (2730)
Seat 4: tr00evil (3895)
Seat 5: COuXGaamer (2330)
Seat 6: thonin62 (14300)
Seat 7: Micky47 (2210)
Seat 8: manggy94 (5580)
Seat 9: Floowx (4055)
*** ANTE/BLINDS ***
KK3010 posts small blind 60
tr00evil posts big blind 120
Dealt to manggy94 [2c 7h]
*** PRE-FLOP *** 
COuXGaamer folds
thonin62 folds
Micky47 raises 2090 to 2210 and is all-in
manggy94 folds
Floowx folds
DevilCrowns folds
rem.chrlt folds
KK3010 folds
tr00evil folds
Micky47 collected 2390 from pot
*** SUMMARY ***
Total pot 2390 | No rake
Seat 7: Micky47 won 2390


Winamax Poker - Tournament "Welcome Freeroll" buyIn: Ticket only level: 5 - HandId: #542619609761579045-36-1439752848 - Holdem no limit (60/120) - 2015/08/16 19:20:48 UTC
Table: 'Welcome Freeroll(126338473)#036' 9-max (real money) Seat #3 is the button
Seat 1: DevilCrowns (2705)
Seat 2: rem.chrlt (2685)
Seat 3: KK3010 (2670)
Seat 4: tr00evil (3775)
Seat 5: COuXGaamer (2330)
Seat 6: thonin62 (14300)
Seat 7: Micky47 (2390)
Seat 8: manggy94 (5580)
Seat 9: Floowx (4055)
*** ANTE/BLINDS ***
tr00evil posts small blind 60
COuXGaamer posts big blind 120
Dealt to manggy94 [7h 9h]
*** PRE-FLOP *** 
thonin62 folds
Micky47 raises 2270 to 2390 and is all-in
manggy94 folds
Floowx folds
DevilCrowns folds
rem.chrlt folds
KK3010 folds
tr00evil folds
COuXGaamer folds
Micky47 collected 2570 from pot
*** SUMMARY ***
Total pot 2570 | No rake
Seat 7: Micky47 won 2570


Winamax Poker - Tournament "Welcome Freeroll" buyIn: Ticket only level: 5 - HandId: #542619609761579045-37-1439752880 - Holdem no limit (60/120) - 2015/08/16 19:21:20 UTC
Table: 'Welcome Freeroll(126338473)#036' 9-max (real money) Seat #4 is the button
Seat 1: DevilCrowns (2705)
Seat 2: rem.chrlt (2685)
Seat 3: KK3010 (2670)
Seat 4: tr00evil (3715)
Seat 5: COuXGaamer (2210)
Seat 6: thonin62 (14300)
Seat 7: Micky47 (2570)
Seat 8: manggy94 (5580)
Seat 9: Floowx (4055)
*** ANTE/BLINDS ***
COuXGaamer posts small blind 60
thonin62 posts big blind 120
Dealt to manggy94 [4h 4c]
*** PRE-FLOP *** 
Micky47 folds
manggy94 calls 120
Floowx calls 120
DevilCrowns folds
rem.chrlt folds
KK3010 calls 120
tr00evil folds
COuXGaamer calls 60
thonin62 checks
*** FLOP *** [6s Kh 5d]
COuXGaamer checks
thonin62 checks
manggy94 checks
Floowx checks
KK3010 checks
*** TURN *** [6s Kh 5d][8c]
COuXGaamer checks
thonin62 checks
manggy94 bets 600
Floowx raises 3335 to 3935 and is all-in
KK3010 folds
COuXGaamer folds
thonin62 folds
manggy94 folds
Floowx collected 5135 from pot
*** SUMMARY ***
Total pot 5135 | No rake
Board: [6s Kh 5d 8c]
Seat 9: Floowx won 5135


Winamax Poker - Tournament "Welcome Freeroll" buyIn: Ticket only level: 5 - HandId: #542619609761579045-38-1439752930 - Holdem no limit (60/120) - 2015/08/16 19:22:10 UTC
Table: 'Welcome Freeroll(126338473)#036' 9-max (real money) Seat #5 is the button
Seat 1: DevilCrowns (2705)
Seat 2: rem.chrlt (2685)
Seat 3: KK3010 (2550)
Seat 4: tr00evil (3715)
Seat 5: COuXGaamer (2090)
Seat 6: thonin62 (14180)
Seat 7: Micky47 (2570)
Seat 8: manggy94 (4860)
Seat 9: Floowx (5135)
*** ANTE/BLINDS ***
thonin62 posts small blind 60
Micky47 posts big blind 120
Dealt to manggy94 [9h Qh]
*** PRE-FLOP *** 
manggy94 calls 120
Floowx calls 120
DevilCrowns folds
rem.chrlt folds
KK3010 folds
tr00evil folds
COuXGaamer folds
thonin62 folds
Micky47 checks
*** FLOP *** [Ad Ts 8d]
Micky47 checks
manggy94 checks
Floowx bets 120
Micky47 folds
manggy94 calls 120
*** TURN *** [Ad Ts 8d][3d]
manggy94 checks
Floowx bets 440
manggy94 folds
Floowx collected 1100 from pot
*** SUMMARY ***
Total pot 1100 | No rake
Board: [Ad Ts 8d 3d]
Seat 9: Floowx won 1100


Winamax Poker - Tournament "Welcome Freeroll" buyIn: Ticket only level: 5 - HandId: #542619609761579045-39-1439752966 - Holdem no limit (60/120) - 2015/08/16 19:22:46 UTC
Table: 'Welcome Freeroll(126338473)#036' 9-max (real money) Seat #6 is the button
Seat 1: DevilCrowns (2705)
Seat 2: rem.chrlt (2685)
Seat 3: KK3010 (2550)
Seat 4: tr00evil (3715)
Seat 5: COuXGaamer (2090)
Seat 6: thonin62 (14120)
Seat 7: Micky47 (2450)
Seat 8: manggy94 (4620)
Seat 9: Floowx (5555)
*** ANTE/BLINDS ***
Micky47 posts small blind 60
manggy94 posts big blind 120
Dealt to manggy94 [9s 6h]
*** PRE-FLOP *** 
Floowx calls 120
DevilCrowns folds
rem.chrlt folds
KK3010 folds
tr00evil folds
COuXGaamer folds
thonin62 calls 120
Micky47 calls 60
manggy94 checks
*** FLOP *** [Qc 4d 8s]
Micky47 checks
manggy94 checks
Floowx bets 120
thonin62 folds
Micky47 folds
manggy94 raises 720 to 840
Floowx calls 720
*** TURN *** [Qc 4d 8s][Jd]
manggy94 checks
Floowx bets 120
manggy94 folds
Floowx collected 2280 from pot
*** SUMMARY ***
Total pot 2280 | No rake
Board: [Qc 4d 8s Jd]
Seat 9: Floowx won 2280


Winamax Poker - Tournament "Welcome Freeroll" buyIn: Ticket only level: 5 - HandId: #542619609761579045-40-1439753053 - Holdem no limit (60/120) - 2015/08/16 19:24:13 UTC
Table: 'Welcome Freeroll(126338473)#036' 9-max (real money) Seat #7 is the button
Seat 1: DevilCrowns (2705)
Seat 2: rem.chrlt (2685)
Seat 3: KK3010 (2550)
Seat 4: tr00evil (3715)
Seat 5: COuXGaamer (2090)
Seat 6: thonin62 (14000)
Seat 7: Micky47 (2330)
Seat 8: manggy94 (3660)
Seat 9: Floowx (6755)
*** ANTE/BLINDS ***
manggy94 posts small blind 60
Floowx posts big blind 120
Dealt to manggy94 [Qd 8c]
*** PRE-FLOP *** 
DevilCrowns folds
rem.chrlt folds
KK3010 folds
tr00evil folds
COuXGaamer raises 180 to 300
thonin62 folds
Micky47 folds
manggy94 folds
Floowx calls 180
*** FLOP *** [5d 4d 8s]
Floowx bets 120
COuXGaamer calls 120
*** TURN *** [5d 4d 8s][As]
Floowx bets 6335 and is all-in
COuXGaamer folds
Floowx collected 7235 from pot
*** SUMMARY ***
Total pot 7235 | No rake
Board: [5d 4d 8s As]
Seat 9: Floowx (big blind) won 7235


Winamax Poker - Tournament "Welcome Freeroll" buyIn: Ticket only level: 5 - HandId: #542619609761579045-41-1439753089 - Holdem no limit (60/120) - 2015/08/16 19:24:49 UTC
Table: 'Welcome Freeroll(126338473)#036' 9-max (real money) Seat #8 is the button
Seat 1: DevilCrowns (2705)
Seat 2: rem.chrlt (2685)
Seat 3: KK3010 (2550)
Seat 4: tr00evil (3715)
Seat 5: COuXGaamer (1670)
Seat 6: thonin62 (14000)
Seat 7: Micky47 (2330)
Seat 8: manggy94 (3600)
Seat 9: Floowx (7235)
*** ANTE/BLINDS ***
Floowx posts small blind 60
DevilCrowns posts big blind 120
Dealt to manggy94 [6h Kd]
*** PRE-FLOP *** 
rem.chrlt folds
KK3010 folds
tr00evil folds
COuXGaamer folds
thonin62 calls 120
Micky47 folds
manggy94 folds
Floowx calls 60
DevilCrowns folds
*** FLOP *** [Qc 9h Ac]
Floowx bets 180
thonin62 calls 180
*** TURN *** [Qc 9h Ac][8h]
Floowx bets 120
thonin62 calls 120
*** RIVER *** [Qc 9h Ac 8h][2h]
Floowx bets 120
thonin62 calls 120
*** SHOW DOWN ***
Floowx shows [Ks 4h] (High card : Ace)
thonin62 shows [9c Qs] (Two pairs : Queens and 9)
thonin62 collected 1200 from pot
*** SUMMARY ***
Total pot 1200 | No rake
Board: [Qc 9h Ac 8h 2h]
Seat 6: thonin62 showed [9c Qs] and won 1200 with Two pairs : Queens and 9
Seat 9: Floowx (small blind) showed [Ks 4h] and lost with High card : Ace


Winamax Poker - Tournament "Welcome Freeroll" buyIn: Ticket only level: 5 - HandId: #542619609761579045-42-1439753129 - Holdem no limit (60/120) - 2015/08/16 19:25:29 UTC
Table: 'Welcome Freeroll(126338473)#036' 9-max (real money) Seat #9 is the button
Seat 1: DevilCrowns (2585)
Seat 2: rem.chrlt (2685)
Seat 3: KK3010 (2550)
Seat 4: tr00evil (3715)
Seat 5: COuXGaamer (1670)
Seat 6: thonin62 (14660)
Seat 7: Micky47 (2330)
Seat 8: manggy94 (3600)
Seat 9: Floowx (6695)
*** ANTE/BLINDS ***
DevilCrowns posts small blind 60
rem.chrlt posts big blind 120
Dealt to manggy94 [7d Qh]
*** PRE-FLOP *** 
KK3010 folds
tr00evil folds
COuXGaamer folds
thonin62 calls 120
Micky47 folds
manggy94 folds
Floowx raises 120 to 240
DevilCrowns folds
rem.chrlt folds
thonin62 calls 120
*** FLOP *** [8s 8h 6c]
thonin62 checks
Floowx bets 120
thonin62 calls 120
*** TURN *** [8s 8h 6c][3s]
thonin62 checks
Floowx bets 120
thonin62 folds
Floowx collected 1020 from pot
*** SUMMARY ***
Total pot 1020 | No rake
Board: [8s 8h 6c 3s]
Seat 9: Floowx (button) won 1020


Winamax Poker - Tournament "Welcome Freeroll" buyIn: Ticket only level: 5 - HandId: #542619609761579045-43-1439753175 - Holdem no limit (60/120) - 2015/08/16 19:26:15 UTC
Table: 'Welcome Freeroll(126338473)#036' 9-max (real money) Seat #1 is the button
Seat 1: DevilCrowns (2525)
Seat 2: rem.chrlt (2565)
Seat 3: KK3010 (2550)
Seat 4: tr00evil (3715)
Seat 5: COuXGaamer (1670)
Seat 6: thonin62 (14300)
Seat 7: Micky47 (2330)
Seat 8: manggy94 (3600)
Seat 9: Floowx (7235)
*** ANTE/BLINDS ***
rem.chrlt posts small blind 60
KK3010 posts big blind 120
Dealt to manggy94 [Tc Kd]
*** PRE-FLOP *** 
tr00evil folds
COuXGaamer folds
thonin62 calls 120
Micky47 raises 2210 to 2330 and is all-in
manggy94 folds
Floowx folds
DevilCrowns folds
rem.chrlt folds
KK3010 folds
thonin62 calls 2210
*** FLOP *** [2s 2h Qd]
*** TURN *** [2s 2h Qd][5s]
*** RIVER *** [2s 2h Qd 5s][9c]
*** SHOW DOWN ***
thonin62 shows [Td Jc] (One pair : 2)
Micky47 shows [Ah Ac] (Two pairs : Aces and 2)
Micky47 collected 4840 from pot
*** SUMMARY ***
Total pot 4840 | No rake
Board: [2s 2h Qd 5s 9c]
Seat 6: thonin62 showed [Td Jc] and lost with One pair : 2
Seat 7: Micky47 showed [Ah Ac] and won 4840 with Two pairs : Aces and 2


Winamax Poker - Tournament "Welcome Freeroll" buyIn: Ticket only level: 6 - HandId: #542619609761579045-44-1439753229 - Holdem no limit (10/60/120) - 2015/08/16 19:27:09 UTC
Table: 'Welcome Freeroll(126338473)#036' 9-max (real money) Seat #2 is the button
Seat 1: DevilCrowns (2525)
Seat 2: rem.chrlt (2505)
Seat 3: KK3010 (2430)
Seat 4: tr00evil (3715)
Seat 5: COuXGaamer (1670)
Seat 6: thonin62 (11970)
Seat 7: Micky47 (4840)
Seat 8: manggy94 (3600)
Seat 9: Floowx (7235)
*** ANTE/BLINDS ***
KK3010 posts ante 10
tr00evil posts ante 10
DevilCrowns posts ante 10
rem.chrlt posts ante 10
COuXGaamer posts ante 10
thonin62 posts ante 10
Micky47 posts ante 10
manggy94 posts ante 10
Floowx posts ante 10
KK3010 posts small blind 60
tr00evil posts big blind 120
Dealt to manggy94 [Ac 8s]
*** PRE-FLOP *** 
COuXGaamer folds
thonin62 calls 120
Micky47 raises 120 to 240
manggy94 calls 240
Floowx raises 6985 to 7225 and is all-in
DevilCrowns folds
rem.chrlt folds
KK3010 folds
tr00evil folds
thonin62 folds
Micky47 folds
manggy94 folds
Floowx collected 8095 from pot
*** SUMMARY ***
Total pot 8095 | No rake
Seat 9: Floowx won 8095


Winamax Poker - Tournament "Welcome Freeroll" buyIn: Ticket only level: 6 - HandId: #542619609761579045-45-1439753266 - Holdem no limit (10/60/120) - 2015/08/16 19:27:46 UTC
Table: 'Welcome Freeroll(126338473)#036' 9-max (real money) Seat #3 is the button
Seat 1: DevilCrowns (2515)
Seat 2: rem.chrlt (2495)
Seat 3: KK3010 (2360)
Seat 4: tr00evil (3585)
Seat 5: COuXGaamer (1660)
Seat 6: thonin62 (11840)
Seat 7: Micky47 (4590)
Seat 8: manggy94 (3350)
Seat 9: Floowx (8095)
*** ANTE/BLINDS ***
tr00evil posts ante 10
COuXGaamer posts ante 10
DevilCrowns posts ante 10
rem.chrlt posts ante 10
KK3010 posts ante 10
thonin62 posts ante 10
Micky47 posts ante 10
manggy94 posts ante 10
Floowx posts ante 10
tr00evil posts small blind 60
COuXGaamer posts big blind 120
Dealt to manggy94 [2d 6s]
*** PRE-FLOP *** 
thonin62 raises 11710 to 11830 and is all-in
Micky47 folds
manggy94 folds
Floowx calls 8085 and is all-in
DevilCrowns folds
rem.chrlt folds
KK3010 folds
tr00evil folds
COuXGaamer folds
*** FLOP *** [Qd 8h 6d]
*** TURN *** [Qd 8h 6d][5s]
*** RIVER *** [Qd 8h 6d 5s][7c]
*** SHOW DOWN ***
Floowx shows [Ac Kc] (High card : Ace)
thonin62 shows [Tc Td] (One pair : Tens)
thonin62 collected 20185 from pot
*** SUMMARY ***
Total pot 20185 | No rake
Board: [Qd 8h 6d 5s 7c]
Seat 6: thonin62 showed [Tc Td] and won 20185 with One pair : Tens
Seat 9: Floowx showed [Ac Kc] and lost with High card : Ace


Winamax Poker - Tournament "Welcome Freeroll" buyIn: Ticket only level: 6 - HandId: #542619609761579045-46-1439753292 - Holdem no limit (10/60/120) - 2015/08/16 19:28:12 UTC
Table: 'Welcome Freeroll(126338473)#036' 9-max (real money) Seat #4 is the button
Seat 1: DevilCrowns (2505)
Seat 2: rem.chrlt (2485)
Seat 3: KK3010 (2350)
Seat 4: tr00evil (3515)
Seat 5: COuXGaamer (1530)
Seat 6: thonin62 (20185)
Seat 7: Micky47 (4580)
Seat 8: manggy94 (3340)
*** ANTE/BLINDS ***
COuXGaamer posts ante 10
thonin62 posts ante 10
DevilCrowns posts ante 10
rem.chrlt posts ante 10
KK3010 posts ante 10
tr00evil posts ante 10
Micky47 posts ante 10
manggy94 posts ante 10
COuXGaamer posts small blind 60
thonin62 posts big blind 120
Dealt to manggy94 [8s 6d]
*** PRE-FLOP *** 
Micky47 folds
manggy94 folds
DevilCrowns folds
rem.chrlt folds
KK3010 calls 120
tr00evil folds
COuXGaamer raises 1400 to 1520 and is all-in
thonin62 folds
KK3010 folds
COuXGaamer collected 1840 from pot
*** SUMMARY ***
Total pot 1840 | No rake
Seat 5: COuXGaamer (small blind) won 1840


Winamax Poker - Tournament "Welcome Freeroll" buyIn: Ticket only level: 6 - HandId: #542619609761579045-47-1439753319 - Holdem no limit (10/60/120) - 2015/08/16 19:28:39 UTC
Table: 'Welcome Freeroll(126338473)#036' 9-max (real money) Seat #5 is the button
Seat 1: DevilCrowns (2495)
Seat 2: rem.chrlt (2475)
Seat 3: KK3010 (2220)
Seat 4: tr00evil (3505)
Seat 5: COuXGaamer (1840)
Seat 6: thonin62 (20055)
Seat 7: Micky47 (4570)
Seat 8: manggy94 (3330)
*** ANTE/BLINDS ***
thonin62 posts ante 10
Micky47 posts ante 10
DevilCrowns posts ante 10
rem.chrlt posts ante 10
KK3010 posts ante 10
tr00evil posts ante 10
COuXGaamer posts ante 10
manggy94 posts ante 10
thonin62 posts small blind 60
Micky47 posts big blind 120
Dealt to manggy94 [Ac 5c]
*** PRE-FLOP *** 
manggy94 raises 380 to 500
DevilCrowns folds
rem.chrlt folds
KK3010 folds
tr00evil folds
COuXGaamer folds
thonin62 calls 440
Micky47 folds
*** FLOP *** [Kh 4h Ah]
thonin62 bets 19545 and is all-in
manggy94 calls 2820 and is all-in
*** TURN *** [Kh 4h Ah][Qs]
*** RIVER *** [Kh 4h Ah Qs][8d]
*** SHOW DOWN ***
manggy94 shows [Ac 5c] (One pair : Aces)
thonin62 shows [Qh Jh] (Flush Ace high)
thonin62 collected 23565 from pot
*** SUMMARY ***
Total pot 23565 | No rake
Board: [Kh 4h Ah Qs 8d]
Seat 6: thonin62 (small blind) showed [Qh Jh] and won 23565 with Flush Ace high
Seat 8: manggy94 showed [Ac 5c] and lost with One pair : Aces


