Winamax Poker - Tournament "Freeroll" buyIn: Free level: 0 - HandId: #540379457899200526-1-1439202626 - Holdem no limit (10/20) - 2015/08/10 10:30:26 UTC
Table: 'Freeroll(125816897)#013' 9-max (real money) Seat #8 is the button
Seat 1: gingerbond (3000)
Seat 2: ninie1004 (3000)
Seat 3: Anthony04100 (3000)
Seat 4: paolito46 (3000)
Seat 5: La-Buse-13 (3000)
Seat 6: DaySyaNNe (3000)
Seat 7: flo5156 (3000)
Seat 8: manggy94 (3000)
Seat 9: Lucifer85 (3000)
*** ANTE/BLINDS ***
Lucifer85 posts small blind 10
gingerbond posts big blind 20
Dealt to manggy94 [6h Qh]
*** PRE-FLOP *** 
ninie1004 raises 2980 to 3000 and is all-in
Anthony04100 folds
paolito46 folds
La-Buse-13 calls 3000 and is all-in
DaySyaNNe folds
flo5156 folds
manggy94 folds
Lucifer85 folds
gingerbond folds
*** FLOP *** [5s Qd Kc]
*** TURN *** [5s Qd Kc][7s]
*** RIVER *** [5s Qd Kc 7s][5h]
*** SHOW DOWN ***
ninie1004 shows [Jd Ad] (One pair : 5)
La-Buse-13 shows [Td Qs] (Two pairs : Queens and 5)
La-Buse-13 collected 6030 from pot
*** SUMMARY ***
Total pot 6030 | No rake
Board: [5s Qd Kc 7s 5h]
Seat 2: ninie1004 showed [Jd Ad] and lost with One pair : 5
Seat 5: La-Buse-13 showed [Td Qs] and won 6030 with Two pairs : Queens and 5


Winamax Poker - Tournament "Freeroll" buyIn: Free level: 0 - HandId: #540379457899200526-2-1439202746 - Holdem no limit (10/20) - 2015/08/10 10:32:26 UTC
Table: 'Freeroll(125816897)#013' 9-max (real money) Seat #9 is the button
Seat 1: gingerbond (2980)
Seat 2: bamboo87 (2990)
Seat 3: Anthony04100 (3000)
Seat 4: paolito46 (3000)
Seat 5: La-Buse-13 (6030)
Seat 6: DaySyaNNe (3000)
Seat 7: flo5156 (3000)
Seat 8: manggy94 (3000)
Seat 9: Lucifer85 (2990)
*** ANTE/BLINDS ***
gingerbond posts small blind 10
bamboo87 posts big blind 20
Dealt to manggy94 [Ah Kd]
*** PRE-FLOP *** 
Anthony04100 calls 20
paolito46 calls 20
La-Buse-13 folds
DaySyaNNe folds
flo5156 calls 20
manggy94 raises 110 to 130
Lucifer85 folds
gingerbond folds
bamboo87 folds
Anthony04100 folds
paolito46 calls 110
flo5156 calls 110
*** FLOP *** [6c Qd Kc]
paolito46 checks
flo5156 checks
manggy94 checks
*** TURN *** [6c Qd Kc][Kh]
paolito46 checks
flo5156 checks
manggy94 bets 440
paolito46 folds
flo5156 folds
manggy94 collected 880 from pot
*** SUMMARY ***
Total pot 880 | No rake
Board: [6c Qd Kc Kh]
Seat 8: manggy94 won 880


Winamax Poker - Tournament "Freeroll" buyIn: Free level: 0 - HandId: #540379457899200526-3-1439202800 - Holdem no limit (10/20) - 2015/08/10 10:33:20 UTC
Table: 'Freeroll(125816897)#013' 9-max (real money) Seat #1 is the button
Seat 1: gingerbond (2970)
Seat 2: bamboo87 (2970)
Seat 3: Anthony04100 (2980)
Seat 4: paolito46 (2870)
Seat 5: La-Buse-13 (6030)
Seat 6: DaySyaNNe (3000)
Seat 7: flo5156 (2870)
Seat 8: manggy94 (3310)
Seat 9: Vince 42 (3000)
*** ANTE/BLINDS ***
bamboo87 posts small blind 10
Anthony04100 posts big blind 20
Dealt to manggy94 [9d 8d]
*** PRE-FLOP *** 
paolito46 calls 20
La-Buse-13 calls 20
DaySyaNNe folds
flo5156 calls 20
manggy94 calls 20
Vince 42 folds
gingerbond folds
bamboo87 folds
Anthony04100 checks
*** FLOP *** [3s Ah 4c]
Anthony04100 checks
paolito46 checks
La-Buse-13 checks
flo5156 checks
manggy94 checks
*** TURN *** [3s Ah 4c][Ad]
Anthony04100 checks
paolito46 checks
La-Buse-13 bets 110
flo5156 folds
manggy94 folds
Anthony04100 folds
paolito46 folds
La-Buse-13 collected 220 from pot
*** SUMMARY ***
Total pot 220 | No rake
Board: [3s Ah 4c Ad]
Seat 5: La-Buse-13 won 220


Winamax Poker - Tournament "Freeroll" buyIn: Free level: 1 - HandId: #540379457899200799-1-1439202934 - Holdem no limit (15/30) - 2015/08/10 10:35:34 UTC
Table: 'Freeroll(125816897)#286' 9-max (real money) Seat #9 is the button
Seat 1: manggy94 (3290)
Seat 2: Herve50300 (2970)
Seat 3: MagicDoooph (3000)
Seat 4: jalien52 (3000)
Seat 5: elisabeth60 (3000)
Seat 6: Zuly13110 (3000)
Seat 7: diablerouge3 (3000)
Seat 8: chtimi1 (3000)
Seat 9: STAFFO59 (3000)
*** ANTE/BLINDS ***
manggy94 posts small blind 15
Zuly13110 posts big blind 30
Dealt to manggy94 [3c 3h]
*** PRE-FLOP *** 
diablerouge3 calls 30
STAFFO59 calls 30
manggy94 raises 120 to 150
Zuly13110 folds
diablerouge3 folds
STAFFO59 calls 120
*** FLOP *** [Kc 9d Jd]
manggy94 bets 360
STAFFO59 calls 360
*** TURN *** [Kc 9d Jd][4d]
manggy94 checks
STAFFO59 checks
*** RIVER *** [Kc 9d Jd 4d][Qh]
manggy94 checks
STAFFO59 checks
*** SHOW DOWN ***
manggy94 shows [3c 3h] (One pair : 3)
STAFFO59 shows [2c Qs] (One pair : Queens)
STAFFO59 collected 1080 from pot
*** SUMMARY ***
Total pot 1080 | No rake
Board: [Kc 9d Jd 4d Qh]
Seat 1: manggy94 (small blind) showed [3c 3h] and lost with One pair : 3
Seat 9: STAFFO59 (button) showed [2c Qs] and won 1080 with One pair : Queens


Winamax Poker - Tournament "Freeroll" buyIn: Free level: 1 - HandId: #540379457899200799-2-1439202977 - Holdem no limit (15/30) - 2015/08/10 10:36:17 UTC
Table: 'Freeroll(125816897)#286' 9-max (real money) Seat #1 is the button
Seat 1: manggy94 (2780)
Seat 2: Herve50300 (2970)
Seat 3: MagicDoooph (3000)
Seat 4: jalien52 (3000)
Seat 5: elisabeth60 (3000)
Seat 6: Zuly13110 (2970)
Seat 7: diablerouge3 (2970)
Seat 8: Lyam29 (3000)
Seat 9: STAFFO59 (3570)
*** ANTE/BLINDS ***
Zuly13110 posts small blind 15
diablerouge3 posts big blind 30
Dealt to manggy94 [3d 9d]
*** PRE-FLOP *** 
Lyam29 calls 30
STAFFO59 folds
manggy94 folds
Zuly13110 calls 15
diablerouge3 folds
*** FLOP *** [8d Jc Ad]
Zuly13110 checks
Lyam29 bets 60
Zuly13110 folds
Lyam29 collected 150 from pot
*** SUMMARY ***
Total pot 150 | No rake
Board: [8d Jc Ad]
Seat 8: Lyam29 won 150


Winamax Poker - Tournament "Freeroll" buyIn: Free level: 2 - HandId: #540379457899200799-3-1439203021 - Holdem no limit (20/40) - 2015/08/10 10:37:01 UTC
Table: 'Freeroll(125816897)#286' 9-max (real money) Seat #6 is the button
Seat 1: manggy94 (2780)
Seat 2: Herve50300 (2970)
Seat 3: MagicDoooph (3000)
Seat 4: jalien52 (3000)
Seat 5: elisabeth60 (3000)
Seat 6: Zuly13110 (2940)
Seat 7: diablerouge3 (2940)
Seat 8: FLECHE76 (2615)
Seat 9: STAFFO59 (3570)
*** ANTE/BLINDS ***
diablerouge3 posts small blind 20
FLECHE76 posts big blind 40
Dealt to manggy94 [5d 4d]
*** PRE-FLOP *** 
STAFFO59 calls 40
manggy94 calls 40
Herve50300 calls 40
MagicDoooph folds
jalien52 calls 40
elisabeth60 calls 40
Zuly13110 folds
diablerouge3 folds
FLECHE76 checks
*** FLOP *** [7c Ac 6c]
FLECHE76 bets 40
STAFFO59 calls 40
manggy94 folds
Herve50300 folds
jalien52 raises 2920 to 2960 and is all-in
elisabeth60 folds
FLECHE76 folds
STAFFO59 folds
jalien52 collected 3300 from pot
*** SUMMARY ***
Total pot 3300 | No rake
Board: [7c Ac 6c]
Seat 4: jalien52 won 3300


Winamax Poker - Tournament "Freeroll" buyIn: Free level: 2 - HandId: #540379457899200799-4-1439203094 - Holdem no limit (20/40) - 2015/08/10 10:38:14 UTC
Table: 'Freeroll(125816897)#286' 9-max (real money) Seat #7 is the button
Seat 1: manggy94 (2740)
Seat 2: Herve50300 (2930)
Seat 3: MagicDoooph (3000)
Seat 4: jalien52 (3300)
Seat 5: elisabeth60 (2960)
Seat 6: Zuly13110 (2940)
Seat 7: diablerouge3 (2920)
Seat 8: FLECHE76 (2535)
Seat 9: STAFFO59 (3490)
*** ANTE/BLINDS ***
FLECHE76 posts small blind 20
STAFFO59 posts big blind 40
Dealt to manggy94 [2c Kd]
*** PRE-FLOP *** 
manggy94 calls 40
Herve50300 calls 40
MagicDoooph folds
jalien52 raises 3260 to 3300 and is all-in
elisabeth60 folds
Zuly13110 folds
diablerouge3 folds
FLECHE76 folds
STAFFO59 folds
manggy94 folds
Herve50300 calls 2890 and is all-in
*** FLOP *** [Ad 9d 5s]
*** TURN *** [Ad 9d 5s][7s]
*** RIVER *** [Ad 9d 5s 7s][Js]
*** SHOW DOWN ***
Herve50300 shows [Qc Ah] (One pair : Aces)
jalien52 shows [3d 3s] (One pair : 3)
jalien52 collected 370 from side pot 1
Herve50300 collected 5960 from main pot
*** SUMMARY ***
Total pot 6330 | No rake
Board: [Ad 9d 5s 7s Js]
Seat 2: Herve50300 showed [Qc Ah] and won 5960 with One pair : Aces
Seat 4: jalien52 showed [3d 3s] and won 370 with One pair : 3


Winamax Poker - Tournament "Freeroll" buyIn: Free level: 2 - HandId: #540379457899200799-5-1439203141 - Holdem no limit (20/40) - 2015/08/10 10:39:01 UTC
Table: 'Freeroll(125816897)#286' 9-max (real money) Seat #8 is the button
Seat 1: manggy94 (2700)
Seat 2: Herve50300 (5960)
Seat 3: MagicDoooph (3000)
Seat 4: velcro31 (6420)
Seat 5: elisabeth60 (2960)
Seat 6: Zuly13110 (2940)
Seat 7: diablerouge3 (2920)
Seat 8: FLECHE76 (2515)
Seat 9: STAFFO59 (3450)
*** ANTE/BLINDS ***
STAFFO59 posts small blind 20
manggy94 posts big blind 40
Dealt to manggy94 [Kc Qh]
*** PRE-FLOP *** 
Herve50300 calls 40
MagicDoooph folds
velcro31 calls 40
elisabeth60 calls 40
Zuly13110 folds
diablerouge3 folds
FLECHE76 raises 2475 to 2515 and is all-in
STAFFO59 folds
manggy94 calls 2475
Herve50300 calls 2475
velcro31 folds
elisabeth60 folds
*** FLOP *** [5h Ts 5d]
manggy94 checks
Herve50300 bets 1445
manggy94 calls 185 and is all-in
*** TURN *** [5h Ts 5d][3s]
*** RIVER *** [5h Ts 5d 3s][6d]
*** SHOW DOWN ***
FLECHE76 shows [8c 8d] (Two pairs : 8 and 5)
manggy94 shows [Kc Qh] (One pair : 5)
Herve50300 shows [Qc Kd] (One pair : 5)
Herve50300 collected 1445 from side pot 2
manggy94 collected 185 from side pot 1
FLECHE76 collected 7645 from main pot
*** SUMMARY ***
Total pot 9275 | No rake
Board: [5h Ts 5d 3s 6d]
Seat 1: manggy94 (big blind) showed [Kc Qh] and won 185 with One pair : 5
Seat 2: Herve50300 showed [Qc Kd] and won 1445 with One pair : 5
Seat 8: FLECHE76 (button) showed [8c 8d] and won 7645 with Two pairs : 8 and 5


Winamax Poker - Tournament "Freeroll" buyIn: Free level: 3 - HandId: #540379457899200799-6-1439203210 - Holdem no limit (30/60) - 2015/08/10 10:40:10 UTC
Table: 'Freeroll(125816897)#286' 9-max (real money) Seat #9 is the button
Seat 1: manggy94 (185)
Seat 2: Herve50300 (3445)
Seat 3: MagicDoooph (3000)
Seat 4: velcro31 (6380)
Seat 5: elisabeth60 (2920)
Seat 6: Zuly13110 (2940)
Seat 7: diablerouge3 (2920)
Seat 8: FLECHE76 (7645)
Seat 9: STAFFO59 (3430)
*** ANTE/BLINDS ***
manggy94 posts small blind 30
Herve50300 posts big blind 60
Dealt to manggy94 [7c 5c]
*** PRE-FLOP *** 
MagicDoooph folds
velcro31 folds
elisabeth60 calls 60
Zuly13110 calls 60
diablerouge3 folds
FLECHE76 calls 60
STAFFO59 folds
manggy94 folds
Herve50300 checks
*** FLOP *** [3h Jh 3d]
Herve50300 checks
elisabeth60 checks
Zuly13110 bets 801
FLECHE76 folds
Herve50300 folds
elisabeth60 calls 801
*** TURN *** [3h Jh 3d][4h]
elisabeth60 checks
Zuly13110 checks
*** RIVER *** [3h Jh 3d 4h][7d]
elisabeth60 checks
Zuly13110 bets 642
elisabeth60 calls 642
*** SHOW DOWN ***
Zuly13110 shows [Js 6s] (Two pairs : Jacks and 3)
elisabeth60 shows [4c Jc] (Two pairs : Jacks and 4)
elisabeth60 collected 3156 from pot
*** SUMMARY ***
Total pot 3156 | No rake
Board: [3h Jh 3d 4h 7d]
Seat 5: elisabeth60 showed [4c Jc] and won 3156 with Two pairs : Jacks and 4
Seat 6: Zuly13110 showed [Js 6s] and lost with Two pairs : Jacks and 3


Winamax Poker - Tournament "Freeroll" buyIn: Free level: 3 - HandId: #540379457899200799-7-1439203287 - Holdem no limit (30/60) - 2015/08/10 10:41:27 UTC
Table: 'Freeroll(125816897)#286' 9-max (real money) Seat #1 is the button
Seat 1: manggy94 (155)
Seat 2: Herve50300 (3385)
Seat 3: MagicDoooph (3000)
Seat 4: velcro31 (6380)
Seat 5: buggs1000 (2700)
Seat 6: Zuly13110 (1437)
Seat 7: diablerouge3 (2920)
Seat 8: FLECHE76 (7585)
Seat 9: STAFFO59 (3430)
*** ANTE/BLINDS ***
Herve50300 posts small blind 30
MagicDoooph posts big blind 60
Dealt to manggy94 [6h 6s]
*** PRE-FLOP *** 
velcro31 calls 60
buggs1000 folds
Zuly13110 folds
diablerouge3 folds
FLECHE76 raises 60 to 120
STAFFO59 calls 120
manggy94 raises 35 to 155 and is all-in
Herve50300 folds
MagicDoooph folds
velcro31 calls 95
FLECHE76 calls 35
STAFFO59 calls 35
*** FLOP *** [Jc 7s Ks]
velcro31 checks
FLECHE76 bets 60
STAFFO59 calls 60
velcro31 calls 60
*** TURN *** [Jc 7s Ks][Tc]
velcro31 checks
FLECHE76 bets 60
STAFFO59 calls 60
velcro31 calls 60
*** RIVER *** [Jc 7s Ks Tc][Jd]
velcro31 folds
FLECHE76 bets 1070
STAFFO59 folds
*** SHOW DOWN ***
manggy94 shows [6h 6s] (Two pairs : Jacks and 6)
FLECHE76 shows [Qs As] (Straight Ace high)
FLECHE76 collected 2140 from pot
*** SUMMARY ***
Total pot 2140 | No rake
Board: [Jc 7s Ks Tc Jd]
Seat 1: manggy94 (button) showed [6h 6s] and lost with Two pairs : Jacks and 6
Seat 8: FLECHE76 showed [Qs As] and won 2140 with Straight Ace high


