Winamax Poker - Tournament "Starting Block Winamax Poker Tour" buyIn: Ticket only level: 0 - HandId: #580855049308078081-1-1445854542 - Holdem no limit (10/20) - 2015/10/26 10:15:42 UTC
Table: 'Starting Block Winamax Poker Tour(135240855)#0' 10-max (real money) Seat #1 is the button
Seat 1: BadBoss302 (1500)
Seat 2: monfrere31 (1500)
Seat 3: Marc34970 (1500)
Seat 4: manggy94 (1500)
Seat 5: Scratchii941 (1500)
Seat 6: mimik974 (1500)
Seat 7: mstrantho (1500)
Seat 8: willy1307 (1500)
Seat 9: Jm7507 (1500)
Seat 10: jp59820 (1500)
*** ANTE/BLINDS ***
monfrere31 posts small blind 10
Marc34970 posts big blind 20
Dealt to manggy94 [7d 8c]
*** PRE-FLOP *** 
manggy94 folds
Scratchii941 calls 20
mimik974 folds
mstrantho folds
willy1307 folds
Jm7507 raises 70 to 90
jp59820 folds
BadBoss302 folds
monfrere31 folds
Marc34970 raises 1410 to 1500 and is all-in
Scratchii941 folds
Jm7507 folds
Marc34970 collected 1620 from pot
*** SUMMARY ***
Total pot 1620 | No rake
Seat 3: Marc34970 (big blind) won 1620


Winamax Poker - Tournament "Starting Block Winamax Poker Tour" buyIn: Ticket only level: 0 - HandId: #580855049308078081-2-1445854592 - Holdem no limit (10/20) - 2015/10/26 10:16:32 UTC
Table: 'Starting Block Winamax Poker Tour(135240855)#0' 10-max (real money) Seat #2 is the button
Seat 1: BadBoss302 (1500)
Seat 2: monfrere31 (1490)
Seat 3: Marc34970 (1620)
Seat 4: manggy94 (1500)
Seat 5: Scratchii941 (1480)
Seat 6: mimik974 (1500)
Seat 7: mstrantho (1500)
Seat 8: willy1307 (1500)
Seat 9: Jm7507 (1410)
Seat 10: jp59820 (1500)
*** ANTE/BLINDS ***
Marc34970 posts small blind 10
manggy94 posts big blind 20
Dealt to manggy94 [Kd 6s]
*** PRE-FLOP *** 
Scratchii941 folds
mimik974 folds
mstrantho raises 80 to 100
willy1307 calls 100
Jm7507 folds
jp59820 folds
BadBoss302 calls 100
monfrere31 folds
Marc34970 folds
manggy94 calls 80
*** FLOP *** [Ac 6d Th]
manggy94 checks
mstrantho bets 410
willy1307 folds
BadBoss302 folds
manggy94 folds
mstrantho collected 820 from pot
*** SUMMARY ***
Total pot 820 | No rake
Board: [Ac 6d Th]
Seat 7: mstrantho won 820


Winamax Poker - Tournament "Starting Block Winamax Poker Tour" buyIn: Ticket only level: 0 - HandId: #580855049308078081-3-1445854638 - Holdem no limit (10/20) - 2015/10/26 10:17:18 UTC
Table: 'Starting Block Winamax Poker Tour(135240855)#0' 10-max (real money) Seat #3 is the button
Seat 1: BadBoss302 (1400)
Seat 2: monfrere31 (1490)
Seat 3: Marc34970 (1610)
Seat 4: manggy94 (1400)
Seat 5: Scratchii941 (1480)
Seat 6: mimik974 (1500)
Seat 7: mstrantho (1810)
Seat 8: willy1307 (1400)
Seat 9: Jm7507 (1410)
Seat 10: jp59820 (1500)
*** ANTE/BLINDS ***
manggy94 posts small blind 10
Scratchii941 posts big blind 20
Dealt to manggy94 [7s 4s]
*** PRE-FLOP *** 
mimik974 calls 20
mstrantho folds
willy1307 folds
Jm7507 folds
jp59820 folds
BadBoss302 calls 20
monfrere31 folds
Marc34970 folds
manggy94 folds
Scratchii941 checks
*** FLOP *** [Td 2d 6c]
Scratchii941 checks
mimik974 checks
BadBoss302 checks
*** TURN *** [Td 2d 6c][5c]
Scratchii941 bets 20
mimik974 calls 20
BadBoss302 calls 20
*** RIVER *** [Td 2d 6c 5c][Qd]
Scratchii941 bets 197
mimik974 folds
BadBoss302 folds
Scratchii941 collected 327 from pot
*** SUMMARY ***
Total pot 327 | No rake
Board: [Td 2d 6c 5c Qd]
Seat 5: Scratchii941 (big blind) won 327


Winamax Poker - Tournament "Starting Block Winamax Poker Tour" buyIn: Ticket only level: 0 - HandId: #580855049308078081-4-1445854699 - Holdem no limit (10/20) - 2015/10/26 10:18:19 UTC
Table: 'Starting Block Winamax Poker Tour(135240855)#0' 10-max (real money) Seat #4 is the button
Seat 1: BadBoss302 (1360)
Seat 2: monfrere31 (1490)
Seat 3: Marc34970 (1610)
Seat 4: manggy94 (1390)
Seat 5: Scratchii941 (1570)
Seat 6: mimik974 (1460)
Seat 7: mstrantho (1810)
Seat 8: willy1307 (1400)
Seat 9: Jm7507 (1410)
Seat 10: jp59820 (1500)
*** ANTE/BLINDS ***
Scratchii941 posts small blind 10
mimik974 posts big blind 20
Dealt to manggy94 [Ac 4h]
*** PRE-FLOP *** 
mstrantho calls 20
willy1307 folds
Jm7507 folds
jp59820 raises 40 to 60
BadBoss302 calls 60
monfrere31 folds
Marc34970 raises 1550 to 1610 and is all-in
manggy94 calls 1390 and is all-in
Scratchii941 folds
mimik974 folds
mstrantho folds
jp59820 calls 1440 and is all-in
BadBoss302 folds
*** FLOP *** [6d Js 5c]
*** TURN *** [6d Js 5c][5h]
*** RIVER *** [6d Js 5c 5h][Qc]
*** SHOW DOWN ***
manggy94 shows [Ac 4h] (One pair : 5)
jp59820 shows [Kd Kh] (Two pairs : Kings and 5)
Marc34970 shows [Th 2h] (One pair : 5)
Marc34970 collected 110 from side pot 1
jp59820 collected 4500 from main pot
*** SUMMARY ***
Total pot 4610 | No rake
Board: [6d Js 5c 5h Qc]
Seat 3: Marc34970 showed [Th 2h] and won 110 with One pair : 5
Seat 4: manggy94 (button) showed [Ac 4h] and lost with One pair : 5
Seat 10: jp59820 showed [Kd Kh] and won 4500 with Two pairs : Kings and 5


