Winamax Poker - Tournament "Omaha" buyIn: 4,50 + 0,50 level: 0 - HandId: #539281470984814594-1-1438946122 - Omaha pot limit (10/20) - 2015/08/07 11:15:22 UTC
Table: 'Omaha(125561252)#001' 6-max (play money) Seat #2 is the button
Seat 1: AKENATON88 (1500)
Seat 2: K-l-K (1500)
Seat 4: bastos555 (1500)
Seat 6: manggy94 (1500)
*** ANTE/BLINDS ***
bastos555 posts small blind 10
manggy94 posts big blind 20
Dealt to manggy94 [2c 9c Tc 5c]
*** PRE-FLOP *** 
AKENATON88 folds
K-l-K calls 20
bastos555 raises 60 to 80
manggy94 calls 60
K-l-K calls 60
*** FLOP *** [4s 8c Qh]
bastos555 bets 240
manggy94 folds
K-l-K folds
bastos555 collected 480 from pot
*** SUMMARY ***
Total pot 480 | No rake
Board: [4s 8c Qh]
Seat 4: bastos555 (small blind) won 480


Winamax Poker - Tournament "Omaha" buyIn: 4,50 + 0,50 level: 0 - HandId: #539281470984814594-2-1438946166 - Omaha pot limit (10/20) - 2015/08/07 11:16:06 UTC
Table: 'Omaha(125561252)#001' 6-max (play money) Seat #4 is the button
Seat 1: AKENATON88 (1500)
Seat 2: K-l-K (1420)
Seat 3: zibe (1500)
Seat 4: bastos555 (1660)
Seat 5: LERENNAIS_P (1500)
Seat 6: manggy94 (1420)
*** ANTE/BLINDS ***
manggy94 posts small blind 10
AKENATON88 posts big blind 20
Dealt to manggy94 [8d 9h 8c 4h]
*** PRE-FLOP *** 
K-l-K calls 20
zibe raises 70 to 90
bastos555 raises 230 to 320
manggy94 calls 310
AKENATON88 calls 300
K-l-K folds
zibe raises 1180 to 1500 and is all-in
bastos555 raises 160 to 1660 and is all-in
manggy94 folds
AKENATON88 folds
*** FLOP *** [9d 5h 8h]
*** TURN *** [9d 5h 8h][Qs]
*** RIVER *** [9d 5h 8h Qs][Jh]
*** SHOW DOWN ***
zibe shows [Jc Kh As 4d] (One pair : Jacks)
bastos555 shows [Ah Ac Ts 5c] (One pair : Aces)
bastos555 collected 3820 from pot
*** SUMMARY ***
Total pot 3820 | No rake
Board: [9d 5h 8h Qs Jh]
Seat 3: zibe showed [Jc Kh As 4d] and lost with One pair : Jacks
Seat 4: bastos555 (button) showed [Ah Ac Ts 5c] and won 3820 with One pair : Aces


Winamax Poker - Tournament "Omaha" buyIn: 4,50 + 0,50 level: 0 - HandId: #539281470984814594-3-1438946261 - Omaha pot limit (10/20) - 2015/08/07 11:17:41 UTC
Table: 'Omaha(125561252)#001' 6-max (play money) Seat #6 is the button
Seat 1: AKENATON88 (1180)
Seat 2: K-l-K (1400)
Seat 4: bastos555 (3820)
Seat 6: manggy94 (1100)
*** ANTE/BLINDS ***
AKENATON88 posts small blind 10
K-l-K posts big blind 20
Dealt to manggy94 [8s 9s 7d 3s]
*** PRE-FLOP *** 
bastos555 folds
manggy94 calls 20
AKENATON88 folds
K-l-K checks
*** FLOP *** [8c 4h As]
K-l-K checks
manggy94 checks
*** TURN *** [8c 4h As][Qs]
K-l-K checks
manggy94 checks
*** RIVER *** [8c 4h As Qs][Js]
K-l-K checks
manggy94 bets 50
K-l-K folds
manggy94 collected 100 from pot
*** SUMMARY ***
Total pot 100 | No rake
Board: [8c 4h As Qs Js]
Seat 6: manggy94 (button) won 100


Winamax Poker - Tournament "Omaha" buyIn: 4,50 + 0,50 level: 0 - HandId: #539281470984814593-4-1438946352 - Omaha pot limit (10/20) - 2015/08/07 11:19:12 UTC
Table: 'Omaha(125561252)#000' 6-max (play money) Seat #5 is the button
Seat 1: Adamarcus (2570)
Seat 2: manggy94 (1130)
Seat 3: Mistral13480 (4880)
Seat 4: rgr51 (3000)
Seat 5: vitaminct (1470)
*** ANTE/BLINDS ***
Adamarcus posts small blind 10
manggy94 posts big blind 20
Dealt to manggy94 [Jc 3d 8c Th]
*** PRE-FLOP *** 
Mistral13480 calls 20
rgr51 calls 20
vitaminct folds
Adamarcus calls 10
manggy94 checks
*** FLOP *** [Qh 3c 2h]
Adamarcus checks
manggy94 checks
Mistral13480 bets 80
rgr51 calls 80
Adamarcus folds
manggy94 folds
*** TURN *** [Qh 3c 2h][Ah]
Mistral13480 bets 240
rgr51 folds
Mistral13480 collected 480 from pot
*** SUMMARY ***
Total pot 480 | No rake
Board: [Qh 3c 2h Ah]
Seat 3: Mistral13480 won 480


Winamax Poker - Tournament "Omaha" buyIn: 4,50 + 0,50 level: 0 - HandId: #539281470984814593-5-1438946405 - Omaha pot limit (10/20) - 2015/08/07 11:20:05 UTC
Table: 'Omaha(125561252)#000' 6-max (play money) Seat #1 is the button
Seat 1: Adamarcus (2550)
Seat 2: manggy94 (1110)
Seat 3: Mistral13480 (5020)
Seat 4: rgr51 (2900)
Seat 5: vitaminct (1470)
Seat 6: thierrysweet (1500)
*** ANTE/BLINDS ***
manggy94 posts small blind 10
Mistral13480 posts big blind 20
Dealt to manggy94 [3d Jh Tc Qh]
*** PRE-FLOP *** 
rgr51 calls 20
vitaminct folds
thierrysweet raises 20 to 40
Adamarcus calls 40
manggy94 calls 30
Mistral13480 calls 20
rgr51 calls 20
*** FLOP *** [2c 5s 6c]
manggy94 checks
Mistral13480 checks
rgr51 checks
thierrysweet bets 20
Adamarcus calls 20
manggy94 folds
Mistral13480 folds
rgr51 calls 20
*** TURN *** [2c 5s 6c][3h]
rgr51 checks
thierrysweet bets 260
Adamarcus calls 260
rgr51 calls 260
*** RIVER *** [2c 5s 6c 3h][5d]
rgr51 checks
thierrysweet bets 1040
Adamarcus calls 1040
rgr51 folds
*** SHOW DOWN ***
Adamarcus shows [5h Ac 4c 8h] (Straight 6 high)
thierrysweet shows [2h 7d Th 4d] (Straight 7 high)
thierrysweet collected 3120 from pot
*** SUMMARY ***
Total pot 3120 | No rake
Board: [2c 5s 6c 3h 5d]
Seat 1: Adamarcus (button) showed [5h Ac 4c 8h] and lost with Straight 6 high
Seat 6: thierrysweet showed [2h 7d Th 4d] and won 3120 with Straight 7 high


Winamax Poker - Tournament "Omaha" buyIn: 4,50 + 0,50 level: 0 - HandId: #539281470984814593-6-1438946470 - Omaha pot limit (10/20) - 2015/08/07 11:21:10 UTC
Table: 'Omaha(125561252)#000' 6-max (play money) Seat #2 is the button
Seat 1: Adamarcus (2690)
Seat 2: manggy94 (1070)
Seat 3: Mistral13480 (4980)
Seat 4: rgr51 (2580)
Seat 5: vitaminct (1470)
Seat 6: thierrysweet (3260)
*** ANTE/BLINDS ***
Mistral13480 posts small blind 10
rgr51 posts big blind 20
Dealt to manggy94 [2h Td 5c 8s]
*** PRE-FLOP *** 
vitaminct folds
thierrysweet calls 20
Adamarcus calls 20
manggy94 folds
Mistral13480 calls 10
rgr51 raises 20 to 40
thierrysweet calls 20
Adamarcus calls 20
Mistral13480 calls 20
*** FLOP *** [6h 7c 7h]
Mistral13480 checks
rgr51 checks
thierrysweet checks
Adamarcus checks
*** TURN *** [6h 7c 7h][Jc]
Mistral13480 checks
rgr51 checks
thierrysweet checks
Adamarcus checks
*** RIVER *** [6h 7c 7h Jc][4s]
Mistral13480 checks
rgr51 bets 20
thierrysweet calls 20
Adamarcus folds
Mistral13480 folds
*** SHOW DOWN ***
thierrysweet shows [5s 8d Ks Tc] (Straight 8 high)
rgr51 shows [Qh 7s 7d Qd] (Quads of 7)
rgr51 collected 200 from pot
*** SUMMARY ***
Total pot 200 | No rake
Board: [6h 7c 7h Jc 4s]
Seat 4: rgr51 (big blind) showed [Qh 7s 7d Qd] and won 200 with Quads of 7
Seat 6: thierrysweet showed [5s 8d Ks Tc] and lost with Straight 8 high


Winamax Poker - Tournament "Omaha" buyIn: 4,50 + 0,50 level: 0 - HandId: #539281470984814593-7-1438946525 - Omaha pot limit (10/20) - 2015/08/07 11:22:05 UTC
Table: 'Omaha(125561252)#000' 6-max (play money) Seat #3 is the button
Seat 1: Adamarcus (2650)
Seat 2: manggy94 (1070)
Seat 3: Mistral13480 (4940)
Seat 4: rgr51 (2720)
*** ANTE/BLINDS ***
rgr51 posts small blind 10
Adamarcus posts big blind 20
Dealt to manggy94 [As Qs 7c 8s]
*** PRE-FLOP *** 
manggy94 calls 20
Mistral13480 calls 20
rgr51 calls 10
Adamarcus checks
*** FLOP *** [7s 5s 3h]
rgr51 checks
Adamarcus checks
manggy94 checks
Mistral13480 checks
*** TURN *** [7s 5s 3h][6c]
rgr51 checks
Adamarcus checks
manggy94 checks
Mistral13480 bets 80
rgr51 calls 80
Adamarcus calls 80
manggy94 calls 80
*** RIVER *** [7s 5s 3h 6c][Kh]
rgr51 checks
Adamarcus checks
manggy94 checks
Mistral13480 bets 400
rgr51 folds
Adamarcus folds
manggy94 folds
Mistral13480 collected 800 from pot
*** SUMMARY ***
Total pot 800 | No rake
Board: [7s 5s 3h 6c Kh]
Seat 3: Mistral13480 (button) won 800


Winamax Poker - Tournament "Omaha" buyIn: 4,50 + 0,50 level: 0 - HandId: #539281470984814593-8-1438946610 - Omaha pot limit (10/20) - 2015/08/07 11:23:30 UTC
Table: 'Omaha(125561252)#000' 6-max (play money) Seat #4 is the button
Seat 1: Adamarcus (2550)
Seat 2: manggy94 (970)
Seat 3: Mistral13480 (5240)
Seat 4: rgr51 (2620)
Seat 6: 34Ricardo (1500)
*** ANTE/BLINDS ***
Adamarcus posts small blind 10
manggy94 posts big blind 20
Dealt to manggy94 [4h 5c Ad 4s]
*** PRE-FLOP *** 
Mistral13480 calls 20
rgr51 calls 20
Adamarcus calls 10
manggy94 checks
*** FLOP *** [Jd Ah Qd]
Adamarcus checks
manggy94 checks
Mistral13480 checks
rgr51 checks
*** TURN *** [Jd Ah Qd][9h]
Adamarcus checks
manggy94 checks
Mistral13480 checks
rgr51 checks
*** RIVER *** [Jd Ah Qd 9h][3c]
Adamarcus checks
manggy94 checks
Mistral13480 bets 20
rgr51 folds
Adamarcus folds
manggy94 folds
Mistral13480 collected 100 from pot
*** SUMMARY ***
Total pot 100 | No rake
Board: [Jd Ah Qd 9h 3c]
Seat 3: Mistral13480 won 100


Winamax Poker - Tournament "Omaha" buyIn: 4,50 + 0,50 level: 0 - HandId: #539281470984814593-9-1438946657 - Omaha pot limit (10/20) - 2015/08/07 11:24:17 UTC
Table: 'Omaha(125561252)#000' 6-max (play money) Seat #1 is the button
Seat 1: Adamarcus (2530)
Seat 2: manggy94 (950)
Seat 3: Mistral13480 (5300)
Seat 4: rgr51 (2600)
Seat 6: 34Ricardo (1500)
*** ANTE/BLINDS ***
manggy94 posts small blind 10
Mistral13480 posts big blind 20
Dealt to manggy94 [3s Kd 8h 5c]
*** PRE-FLOP *** 
rgr51 calls 20
34Ricardo calls 20
Adamarcus calls 20
manggy94 folds
Mistral13480 checks
*** FLOP *** [3h 2d Jd]
Mistral13480 checks
rgr51 checks
34Ricardo checks
Adamarcus bets 90
Mistral13480 calls 90
rgr51 folds
34Ricardo calls 90
*** TURN *** [3h 2d Jd][5s]
Mistral13480 checks
34Ricardo checks
Adamarcus bets 360
Mistral13480 folds
34Ricardo calls 360
*** RIVER *** [3h 2d Jd 5s][Th]
34Ricardo checks
Adamarcus bets 1080
34Ricardo calls 1030 and is all-in
*** SHOW DOWN ***
34Ricardo shows [8d 4c Jc Kc] (One pair : Jacks)
Adamarcus shows [2s 8c 2h 6s] (Trips of 2)
Adamarcus collected 3190 from pot
*** SUMMARY ***
Total pot 3190 | No rake
Board: [3h 2d Jd 5s Th]
Seat 1: Adamarcus (button) showed [2s 8c 2h 6s] and won 3190 with Trips of 2
Seat 6: 34Ricardo showed [8d 4c Jc Kc] and lost with One pair : Jacks


Winamax Poker - Tournament "Omaha" buyIn: 4,50 + 0,50 level: 1 - HandId: #539281470984814593-10-1438946727 - Omaha pot limit (15/30) - 2015/08/07 11:25:27 UTC
Table: 'Omaha(125561252)#000' 6-max (play money) Seat #2 is the button
Seat 1: Adamarcus (4170)
Seat 2: manggy94 (940)
Seat 3: Mistral13480 (5190)
Seat 4: rgr51 (2580)
Seat 5: Lana Poker (1500)
Seat 6: 34Ricardo (1500)
*** ANTE/BLINDS ***
Mistral13480 posts small blind 15
rgr51 posts big blind 30
Dealt to manggy94 [9h Qs 7h Qc]
*** PRE-FLOP *** 
Lana Poker calls 30
34Ricardo calls 30
Adamarcus calls 30
manggy94 calls 30
Mistral13480 calls 15
rgr51 checks
*** FLOP *** [Ad Qh 4s]
Mistral13480 checks
rgr51 bets 180
Lana Poker calls 180
34Ricardo calls 180
Adamarcus folds
manggy94 raises 540 to 720
Mistral13480 folds
rgr51 calls 540
Lana Poker calls 540
34Ricardo folds
*** TURN *** [Ad Qh 4s][Kc]
rgr51 checks
Lana Poker checks
manggy94 bets 190 and is all-in
rgr51 calls 190
Lana Poker calls 190
*** RIVER *** [Ad Qh 4s Kc][7c]
rgr51 bets 1545
Lana Poker calls 560 and is all-in
*** SHOW DOWN ***
manggy94 shows [9h Qs 7h Qc] (Trips of Queens)
rgr51 shows [4d 6s 9c Ac] (Two pairs : Aces and 4)
Lana Poker shows [7d Ts 2c Ah] (Two pairs : Aces and 7)
Lana Poker collected 1120 from side pot 1
rgr51 collected 985 from side pot 2
manggy94 collected 3090 from main pot
*** SUMMARY ***
Total pot 5195 | No rake
Board: [Ad Qh 4s Kc 7c]
Seat 2: manggy94 (button) showed [9h Qs 7h Qc] and won 3090 with Trips of Queens
Seat 4: rgr51 (big blind) showed [4d 6s 9c Ac] and won 985 with Two pairs : Aces and 4
Seat 5: Lana Poker showed [7d Ts 2c Ah] and won 1120 with Two pairs : Aces and 7


Winamax Poker - Tournament "Omaha" buyIn: 4,50 + 0,50 level: 1 - HandId: #539281470984814593-11-1438946832 - Omaha pot limit (15/30) - 2015/08/07 11:27:12 UTC
Table: 'Omaha(125561252)#000' 6-max (play money) Seat #3 is the button
Seat 1: Adamarcus (4140)
Seat 2: manggy94 (3090)
Seat 3: Mistral13480 (5160)
Seat 4: rgr51 (1080)
Seat 5: Lana Poker (1120)
Seat 6: 34Ricardo (1290)
*** ANTE/BLINDS ***
rgr51 posts small blind 15
Lana Poker posts big blind 30
Dealt to manggy94 [8c Th Ah 2d]
*** PRE-FLOP *** 
34Ricardo calls 30
Adamarcus folds
manggy94 calls 30
Mistral13480 calls 30
rgr51 calls 15
Lana Poker checks
*** FLOP *** [8h Qc Qh]
rgr51 checks
Lana Poker bets 30
34Ricardo calls 30
manggy94 calls 30
Mistral13480 raises 270 to 300
rgr51 folds
Lana Poker calls 270
34Ricardo calls 270
manggy94 calls 270
*** TURN *** [8h Qc Qh][Qs]
Lana Poker checks
34Ricardo checks
manggy94 checks
Mistral13480 checks
*** RIVER *** [8h Qc Qh Qs][Jh]
Lana Poker bets 790 and is all-in
34Ricardo calls 790
manggy94 calls 790
Mistral13480 raises 4040 to 4830 and is all-in
34Ricardo calls 170 and is all-in
manggy94 calls 1970 and is all-in
*** SHOW DOWN ***
manggy94 shows [8c Th Ah 2d] (Flush Ace high)
Lana Poker shows [Ts 4d Td Kh] (Full of Queens and Tens)
34Ricardo shows [7d 9c 4h Ad] (Trips of Queens)
Mistral13480 shows [3s 6h Qd 6c] (Quads of Queens)
Mistral13480 collected 10690 from pot
*** SUMMARY ***
Total pot 10690 | No rake
Board: [8h Qc Qh Qs Jh]
Seat 2: manggy94 showed [8c Th Ah 2d] and lost with Flush Ace high
Seat 3: Mistral13480 (button) showed [3s 6h Qd 6c] and won 10690 with Quads of Queens
Seat 5: Lana Poker (big blind) showed [Ts 4d Td Kh] and lost with Full of Queens and Tens
Seat 6: 34Ricardo showed [7d 9c 4h Ad] and lost with Trips of Queens


Winamax Poker - Tournament "Omaha" buyIn: 4,50 + 0,50 level: 1 - HandId: #539281470984814593-12-1438946910 - Omaha pot limit (15/30) - 2015/08/07 11:28:30 UTC
Table: 'Omaha(125561252)#000' 6-max (play money) Seat #4 is the button
Seat 1: Adamarcus (4140)
Seat 2: manggy94 (1500)
Seat 3: Mistral13480 (10690)
Seat 4: rgr51 (1050)
Seat 6: 34Ricardo (3000)
*** ANTE/BLINDS ***
34Ricardo posts big blind 30
Dealt to manggy94 [4d 5h Jh 9d]
*** PRE-FLOP *** 
Adamarcus calls 30
manggy94 calls 30
Mistral13480 calls 30
rgr51 folds
34Ricardo checks
*** FLOP *** [4s 6s 7d]
34Ricardo checks
Adamarcus bets 120
manggy94 folds
Mistral13480 folds
34Ricardo calls 120
*** TURN *** [4s 6s 7d][5s]
34Ricardo checks
Adamarcus checks
*** RIVER *** [4s 6s 7d 5s][Ts]
34Ricardo checks
Adamarcus bets 180
34Ricardo calls 180
*** SHOW DOWN ***
34Ricardo shows [3s 7h 3h Kd] (Straight 7 high)
Adamarcus shows [9h Th 7c 8s] (Straight Ten high)
Adamarcus collected 720 from pot
*** SUMMARY ***
Total pot 720 | No rake
Board: [4s 6s 7d 5s Ts]
Seat 1: Adamarcus showed [9h Th 7c 8s] and won 720 with Straight Ten high
Seat 6: 34Ricardo (big blind) showed [3s 7h 3h Kd] and lost with Straight 7 high


Winamax Poker - Tournament "Omaha" buyIn: 4,50 + 0,50 level: 1 - HandId: #539281470984814593-13-1438946967 - Omaha pot limit (15/30) - 2015/08/07 11:29:27 UTC
Table: 'Omaha(125561252)#000' 6-max (play money) Seat #5 is the button
Seat 1: Adamarcus (4530)
Seat 2: manggy94 (1470)
Seat 3: Mistral13480 (10660)
Seat 4: rgr51 (1050)
Seat 5: Annet 311 (1500)
Seat 6: 34Ricardo (2670)
*** ANTE/BLINDS ***
34Ricardo posts small blind 15
Adamarcus posts big blind 30
Dealt to manggy94 [9h Jd Js 5d]
*** PRE-FLOP *** 
manggy94 calls 30
Mistral13480 calls 30
rgr51 calls 30
34Ricardo calls 15
Adamarcus checks
*** FLOP *** [Th Qd 3d]
34Ricardo checks
Adamarcus bets 30
manggy94 calls 30
Mistral13480 calls 30
rgr51 calls 30
34Ricardo calls 30
*** TURN *** [Th Qd 3d][4c]
34Ricardo checks
Adamarcus bets 150
manggy94 folds
Mistral13480 calls 150
rgr51 calls 150
34Ricardo calls 150
*** RIVER *** [Th Qd 3d 4c][Ts]
34Ricardo checks
Adamarcus checks
Mistral13480 checks
rgr51 checks
*** SHOW DOWN ***
Adamarcus shows [4d Kd 7d 2h] (Two pairs : Tens and 4)
Mistral13480 shows [Jc 5c Qs 9c] (Two pairs : Queens and Tens)
rgr51 shows [7s 7h 8d 6d] (Two pairs : Tens and 7)
34Ricardo shows [6c Ad Ac Td] (Trips of Tens)
34Ricardo collected 900 from pot
*** SUMMARY ***
Total pot 900 | No rake
Board: [Th Qd 3d 4c Ts]
Seat 1: Adamarcus (big blind) showed [4d Kd 7d 2h] and lost with Two pairs : Tens and 4
Seat 3: Mistral13480 showed [Jc 5c Qs 9c] and lost with Two pairs : Queens and Tens
Seat 4: rgr51 showed [7s 7h 8d 6d] and lost with Two pairs : Tens and 7
Seat 6: 34Ricardo (small blind) showed [6c Ad Ac Td] and won 900 with Trips of Tens


Winamax Poker - Tournament "Omaha" buyIn: 4,50 + 0,50 level: 1 - HandId: #539281470984814593-14-1438947032 - Omaha pot limit (15/30) - 2015/08/07 11:30:32 UTC
Table: 'Omaha(125561252)#000' 6-max (play money) Seat #6 is the button
Seat 1: Adamarcus (4320)
Seat 2: manggy94 (1410)
Seat 3: Mistral13480 (10450)
Seat 4: rgr51 (840)
Seat 5: Annet 311 (1500)
Seat 6: 34Ricardo (3360)
*** ANTE/BLINDS ***
Adamarcus posts small blind 15
manggy94 posts big blind 30
Dealt to manggy94 [8s 6c 8d Ks]
*** PRE-FLOP *** 
Mistral13480 calls 30
rgr51 raises 105 to 135
Annet 311 calls 135
34Ricardo calls 135
Adamarcus calls 120
manggy94 folds
Mistral13480 calls 105
*** FLOP *** [8c Kd 4s]
Adamarcus checks
Mistral13480 checks
rgr51 bets 705 and is all-in
Annet 311 calls 705
34Ricardo calls 705
Adamarcus calls 705
Mistral13480 folds
*** TURN *** [8c Kd 4s][Js]
Adamarcus checks
Annet 311 checks
34Ricardo checks
*** RIVER *** [8c Kd 4s Js][2c]
Adamarcus checks
Annet 311 bets 660 and is all-in
34Ricardo calls 660
Adamarcus calls 660
*** SHOW DOWN ***
Annet 311 shows [7h Td 8h 9d] (One pair : 8)
34Ricardo shows [Th Qd Tc 5h] (One pair : Tens)
Adamarcus shows [Ad 7s Ac 6s] (One pair : Aces)
rgr51 shows [4h Kc Qc As] (Two pairs : Kings and 4)
rgr51 collected 3525 from main pot
Adamarcus collected 1980 from side pot 1
*** SUMMARY ***
Total pot 5505 | No rake
Board: [8c Kd 4s Js 2c]
Seat 1: Adamarcus (small blind) showed [Ad 7s Ac 6s] and won 1980 with One pair : Aces
Seat 4: rgr51 showed [4h Kc Qc As] and won 3525 with Two pairs : Kings and 4
Seat 5: Annet 311 showed [7h Td 8h 9d] and lost with One pair : 8
Seat 6: 34Ricardo (button) showed [Th Qd Tc 5h] and lost with One pair : Tens


Winamax Poker - Tournament "Omaha" buyIn: 4,50 + 0,50 level: 1 - HandId: #539281470984814593-15-1438947115 - Omaha pot limit (15/30) - 2015/08/07 11:31:55 UTC
Table: 'Omaha(125561252)#000' 6-max (play money) Seat #1 is the button
Seat 1: Adamarcus (4800)
Seat 2: manggy94 (1380)
Seat 3: Mistral13480 (10315)
Seat 4: rgr51 (3525)
Seat 6: 34Ricardo (1860)
*** ANTE/BLINDS ***
manggy94 posts small blind 15
Mistral13480 posts big blind 30
Dealt to manggy94 [6c 7s 8h 5d]
*** PRE-FLOP *** 
rgr51 calls 30
34Ricardo calls 30
Adamarcus calls 30
manggy94 calls 15
Mistral13480 checks
*** FLOP *** [Ac Qd 8d]
manggy94 checks
Mistral13480 checks
rgr51 checks
34Ricardo checks
Adamarcus checks
*** TURN *** [Ac Qd 8d][8c]
manggy94 checks
Mistral13480 checks
rgr51 checks
34Ricardo bets 150
Adamarcus folds
manggy94 calls 150
Mistral13480 calls 150
rgr51 folds
*** RIVER *** [Ac Qd 8d 8c][4h]
manggy94 checks
Mistral13480 checks
34Ricardo bets 600
manggy94 folds
Mistral13480 folds
34Ricardo collected 1200 from pot
*** SUMMARY ***
Total pot 1200 | No rake
Board: [Ac Qd 8d 8c 4h]
Seat 6: 34Ricardo won 1200


Winamax Poker - Tournament "Omaha" buyIn: 4,50 + 0,50 level: 1 - HandId: #539281470984814593-16-1438947204 - Omaha pot limit (15/30) - 2015/08/07 11:33:24 UTC
Table: 'Omaha(125561252)#000' 6-max (play money) Seat #2 is the button
Seat 1: Adamarcus (4770)
Seat 2: manggy94 (1200)
Seat 3: Mistral13480 (10135)
Seat 4: rgr51 (3495)
Seat 5: ugbvygt (1500)
Seat 6: 34Ricardo (2280)
*** ANTE/BLINDS ***
Mistral13480 posts small blind 15
rgr51 posts big blind 30
Dealt to manggy94 [Ts 9c 8c 2h]
*** PRE-FLOP *** 
ugbvygt folds
34Ricardo calls 30
Adamarcus calls 30
manggy94 folds
Mistral13480 folds
rgr51 checks
*** FLOP *** [Qc Kd Kh]
rgr51 checks
34Ricardo bets 105
Adamarcus folds
rgr51 folds
34Ricardo collected 210 from pot
*** SUMMARY ***
Total pot 210 | No rake
Board: [Qc Kd Kh]
Seat 6: 34Ricardo won 210


Winamax Poker - Tournament "Omaha" buyIn: 4,50 + 0,50 level: 1 - HandId: #539281470984814593-17-1438947259 - Omaha pot limit (15/30) - 2015/08/07 11:34:19 UTC
Table: 'Omaha(125561252)#000' 6-max (play money) Seat #3 is the button
Seat 1: Adamarcus (4740)
Seat 2: manggy94 (1200)
Seat 3: Mistral13480 (10120)
Seat 4: rgr51 (3465)
Seat 5: ugbvygt (1500)
Seat 6: 34Ricardo (2355)
*** ANTE/BLINDS ***
rgr51 posts small blind 15
ugbvygt posts big blind 30
Dealt to manggy94 [2d 9c 7s Js]
*** PRE-FLOP *** 
34Ricardo calls 30
Adamarcus folds
manggy94 folds
Mistral13480 folds
rgr51 calls 15
ugbvygt checks
*** FLOP *** [Kh 6c Qd]
rgr51 checks
ugbvygt bets 90
34Ricardo calls 90
rgr51 folds
*** TURN *** [Kh 6c Qd][4s]
ugbvygt bets 270
34Ricardo folds
ugbvygt collected 540 from pot
*** SUMMARY ***
Total pot 540 | No rake
Board: [Kh 6c Qd 4s]
Seat 5: ugbvygt (big blind) won 540


Winamax Poker - Tournament "Omaha" buyIn: 4,50 + 0,50 level: 2 - HandId: #539281470984814593-18-1438947340 - Omaha pot limit (20/40) - 2015/08/07 11:35:40 UTC
Table: 'Omaha(125561252)#000' 6-max (play money) Seat #4 is the button
Seat 1: Adamarcus (4740)
Seat 2: manggy94 (1200)
Seat 3: Mistral13480 (10120)
Seat 4: rgr51 (3435)
Seat 6: 34Ricardo (2235)
*** ANTE/BLINDS ***
34Ricardo posts big blind 40
Dealt to manggy94 [3s Qc 4h Td]
*** PRE-FLOP *** 
Adamarcus calls 40
manggy94 folds
Mistral13480 calls 40
rgr51 calls 40
34Ricardo checks
*** FLOP *** [8s Js Ts]
34Ricardo checks
Adamarcus checks
Mistral13480 checks
rgr51 checks
*** TURN *** [8s Js Ts][2s]
34Ricardo checks
Adamarcus checks
Mistral13480 checks
rgr51 checks
*** RIVER *** [8s Js Ts 2s][Qd]
34Ricardo checks
Adamarcus bets 40
Mistral13480 folds
rgr51 folds
34Ricardo calls 40
*** SHOW DOWN ***
34Ricardo shows [5h Th 2d 6c] (Two pairs : Tens and 2)
Adamarcus shows [6d 2h 6h Qs] (Two pairs : Queens and 2)
Adamarcus collected 240 from pot
*** SUMMARY ***
Total pot 240 | No rake
Board: [8s Js Ts 2s Qd]
Seat 1: Adamarcus showed [6d 2h 6h Qs] and won 240 with Two pairs : Queens and 2
Seat 6: 34Ricardo (big blind) showed [5h Th 2d 6c] and lost with Two pairs : Tens and 2


Winamax Poker - Tournament "Omaha" buyIn: 4,50 + 0,50 level: 2 - HandId: #539281470984814593-19-1438947416 - Omaha pot limit (20/40) - 2015/08/07 11:36:56 UTC
Table: 'Omaha(125561252)#000' 6-max (play money) Seat #5 is the button
Seat 1: Adamarcus (4900)
Seat 2: manggy94 (1200)
Seat 3: Mistral13480 (10080)
Seat 4: rgr51 (3395)
Seat 5: didiche22 (1440)
Seat 6: 34Ricardo (2155)
*** ANTE/BLINDS ***
34Ricardo posts small blind 20
Adamarcus posts big blind 40
Dealt to manggy94 [Kc As 6s Tc]
*** PRE-FLOP *** 
manggy94 calls 40
Mistral13480 calls 40
rgr51 calls 40
34Ricardo calls 20
Adamarcus checks
*** FLOP *** [8h 2c 4c]
34Ricardo checks
Adamarcus bets 200
manggy94 calls 200
Mistral13480 calls 200
rgr51 folds
34Ricardo calls 200
*** TURN *** [8h 2c 4c][5s]
34Ricardo checks
Adamarcus bets 200
manggy94 folds
Mistral13480 raises 1400 to 1600
34Ricardo calls 1600
Adamarcus calls 1400
*** RIVER *** [8h 2c 4c 5s][7d]
34Ricardo bets 40
Adamarcus calls 40
Mistral13480 calls 40
*** SHOW DOWN ***
Adamarcus shows [4h Jh 4d Qc] (Trips of 4)
Mistral13480 shows [3d 2s Ah 9s] (Straight 5 high)
34Ricardo shows [7s 6d 4s Th] (Straight 8 high)
34Ricardo collected 5920 from pot
*** SUMMARY ***
Total pot 5920 | No rake
Board: [8h 2c 4c 5s 7d]
Seat 1: Adamarcus (big blind) showed [4h Jh 4d Qc] and lost with Trips of 4
Seat 3: Mistral13480 showed [3d 2s Ah 9s] and lost with Straight 5 high
Seat 6: 34Ricardo (small blind) showed [7s 6d 4s Th] and won 5920 with Straight 8 high


Winamax Poker - Tournament "Omaha" buyIn: 4,50 + 0,50 level: 2 - HandId: #539281470984814593-20-1438947528 - Omaha pot limit (20/40) - 2015/08/07 11:38:48 UTC
Table: 'Omaha(125561252)#000' 6-max (play money) Seat #6 is the button
Seat 1: Adamarcus (3020)
Seat 2: manggy94 (960)
Seat 3: Mistral13480 (8200)
Seat 4: rgr51 (3355)
Seat 5: didiche22 (1440)
Seat 6: 34Ricardo (6195)
*** ANTE/BLINDS ***
Adamarcus posts small blind 20
manggy94 posts big blind 40
Dealt to manggy94 [Th 3h 8s Ac]
*** PRE-FLOP *** 
Mistral13480 calls 40
rgr51 calls 40
didiche22 calls 40
34Ricardo calls 40
Adamarcus calls 20
manggy94 checks
*** FLOP *** [5h 7d 6c]
Adamarcus bets 240
manggy94 folds
Mistral13480 calls 240
rgr51 calls 240
didiche22 calls 240
34Ricardo calls 240
*** TURN *** [5h 7d 6c][Qs]
Adamarcus bets 720
Mistral13480 folds
rgr51 folds
didiche22 calls 720
34Ricardo calls 720
*** RIVER *** [5h 7d 6c Qs][8h]
Adamarcus bets 40
didiche22 calls 40
34Ricardo raises 3720 to 3760
Adamarcus folds
didiche22 calls 400 and is all-in
*** SHOW DOWN ***
didiche22 shows [3s 2s 6d 7s] (Two pairs : 7 and 6)
34Ricardo shows [4d Td 5s As] (Straight 8 high)
34Ricardo collected 7840 from pot
*** SUMMARY ***
Total pot 7840 | No rake
Board: [5h 7d 6c Qs 8h]
Seat 5: didiche22 showed [3s 2s 6d 7s] and lost with Two pairs : 7 and 6
Seat 6: 34Ricardo (button) showed [4d Td 5s As] and won 7840 with Straight 8 high


Winamax Poker - Tournament "Omaha" buyIn: 4,50 + 0,50 level: 2 - HandId: #539281470984814593-21-1438947634 - Omaha pot limit (20/40) - 2015/08/07 11:40:34 UTC
Table: 'Omaha(125561252)#000' 6-max (play money) Seat #1 is the button
Seat 1: Adamarcus (1980)
Seat 2: manggy94 (920)
Seat 3: Mistral13480 (7920)
Seat 4: rgr51 (3075)
Seat 5: didiche22 (1500)
Seat 6: 34Ricardo (9275)
*** ANTE/BLINDS ***
manggy94 posts small blind 20
Mistral13480 posts big blind 40
Dealt to manggy94 [Kd 9d 9h 7d]
*** PRE-FLOP *** 
rgr51 calls 40
didiche22 folds
34Ricardo calls 40
Adamarcus calls 40
manggy94 calls 20
Mistral13480 checks
*** FLOP *** [Jc Tc 6h]
manggy94 checks
Mistral13480 checks
rgr51 checks
34Ricardo checks
Adamarcus bets 200
manggy94 folds
Mistral13480 calls 200
rgr51 folds
34Ricardo calls 200
*** TURN *** [Jc Tc 6h][5s]
Mistral13480 checks
34Ricardo checks
Adamarcus bets 800
Mistral13480 calls 800
34Ricardo calls 800
*** RIVER *** [Jc Tc 6h 5s][Td]
Mistral13480 checks
34Ricardo checks
Adamarcus bets 940 and is all-in
Mistral13480 folds
34Ricardo calls 940
*** SHOW DOWN ***
34Ricardo shows [3s Jh 4d As] (Two pairs : Jacks and Tens)
Adamarcus shows [6s Th Js Kc] (Full of Tens and Jacks)
Adamarcus collected 5080 from pot
*** SUMMARY ***
Total pot 5080 | No rake
Board: [Jc Tc 6h 5s Td]
Seat 1: Adamarcus (button) showed [6s Th Js Kc] and won 5080 with Full of Tens and Jacks
Seat 6: 34Ricardo showed [3s Jh 4d As] and lost with Two pairs : Jacks and Tens


Winamax Poker - Tournament "Omaha" buyIn: 4,50 + 0,50 level: 2 - HandId: #539281470984814593-22-1438947734 - Omaha pot limit (20/40) - 2015/08/07 11:42:14 UTC
Table: 'Omaha(125561252)#000' 6-max (play money) Seat #2 is the button
Seat 1: Adamarcus (5080)
Seat 2: manggy94 (880)
Seat 3: Mistral13480 (6880)
Seat 4: lafiaso67 (5870)
Seat 5: didiche22 (1500)
Seat 6: 34Ricardo (7295)
*** ANTE/BLINDS ***
Mistral13480 posts small blind 20
lafiaso67 posts big blind 40
Dealt to manggy94 [7h Qd 3d Kc]
*** PRE-FLOP *** 
didiche22 calls 40
34Ricardo calls 40
Adamarcus calls 40
manggy94 folds
Mistral13480 calls 20
lafiaso67 raises 200 to 240
didiche22 calls 200
34Ricardo calls 200
Adamarcus calls 200
Mistral13480 calls 200
*** FLOP *** [Qs 5s As]
Mistral13480 checks
lafiaso67 bets 1200
didiche22 folds
34Ricardo calls 1200
Adamarcus calls 1200
Mistral13480 folds
*** TURN *** [Qs 5s As][Jd]
lafiaso67 bets 4430 and is all-in
34Ricardo calls 4430
Adamarcus calls 3640 and is all-in
*** RIVER *** [Qs 5s As Jd][6h]
*** SHOW DOWN ***
Adamarcus shows [Kh 2s 4s Qh] (Flush Ace high)
34Ricardo shows [8d Ad Ks 3h] (One pair : Aces)
lafiaso67 shows [Ts Ac 9c 9s] (Flush Ace high)
lafiaso67 collected 17300 from pot
*** SUMMARY ***
Total pot 17300 | No rake
Board: [Qs 5s As Jd 6h]
Seat 1: Adamarcus showed [Kh 2s 4s Qh] and lost with Flush Ace high
Seat 4: lafiaso67 (big blind) showed [Ts Ac 9c 9s] and won 17300 with Flush Ace high
Seat 6: 34Ricardo showed [8d Ad Ks 3h] and lost with One pair : Aces


Winamax Poker - Tournament "Omaha" buyIn: 4,50 + 0,50 level: 2 - HandId: #539281470984814593-23-1438947814 - Omaha pot limit (20/40) - 2015/08/07 11:43:34 UTC
Table: 'Omaha(125561252)#000' 6-max (play money) Seat #3 is the button
Seat 2: manggy94 (880)
Seat 3: Mistral13480 (6640)
Seat 4: lafiaso67 (17300)
Seat 5: didiche22 (1260)
Seat 6: 34Ricardo (1425)
*** ANTE/BLINDS ***
lafiaso67 posts small blind 20
didiche22 posts big blind 40
Dealt to manggy94 [Kc 6d 9h 7c]
*** PRE-FLOP *** 
34Ricardo calls 40
manggy94 calls 40
Mistral13480 calls 40
lafiaso67 calls 20
didiche22 checks
*** FLOP *** [Qh Ks Qd]
lafiaso67 checks
didiche22 bets 200
34Ricardo calls 200
manggy94 calls 200
Mistral13480 folds
lafiaso67 calls 200
*** TURN *** [Qh Ks Qd][6c]
lafiaso67 checks
didiche22 bets 1000
34Ricardo folds
manggy94 calls 640 and is all-in
lafiaso67 calls 1000
*** RIVER *** [Qh Ks Qd 6c][Ts]
lafiaso67 checks
didiche22 bets 20 and is all-in
lafiaso67 calls 20
*** SHOW DOWN ***
manggy94 shows [Kc 6d 9h 7c] (Two pairs : Kings and Queens)
lafiaso67 shows [8s 2c 3s Kd] (Two pairs : Kings and Queens)
didiche22 shows [Qs Tc 8d 4d] (Full of Queens and Tens)
didiche22 collected 3680 from pot
*** SUMMARY ***
Total pot 3680 | No rake
Board: [Qh Ks Qd 6c Ts]
Seat 2: manggy94 showed [Kc 6d 9h 7c] and lost with Two pairs : Kings and Queens
Seat 4: lafiaso67 (small blind) showed [8s 2c 3s Kd] and lost with Two pairs : Kings and Queens
Seat 5: didiche22 (big blind) showed [Qs Tc 8d 4d] and won 3680 with Full of Queens and Tens


Winamax Poker - Tournament "Omaha" buyIn: 4,50 + 0,50 level: 2 - HandId: #539281470984814593-24-1438947904 - Omaha pot limit (20/40) - 2015/08/07 11:45:04 UTC
Table: 'Omaha(125561252)#000' 6-max (play money) Seat #4 is the button
Seat 1: K-l-K (2445)
Seat 2: manggy94 (1500)
Seat 3: Mistral13480 (6600)
Seat 4: lafiaso67 (16040)
Seat 5: didiche22 (3680)
Seat 6: 34Ricardo (1185)
*** ANTE/BLINDS ***
didiche22 posts small blind 20
34Ricardo posts big blind 40
Dealt to manggy94 [7s 7c 3s 6c]
*** PRE-FLOP *** 
K-l-K calls 40
manggy94 raises 140 to 180
Mistral13480 calls 180
lafiaso67 folds
didiche22 raises 620 to 800
34Ricardo raises 385 to 1185 and is all-in
K-l-K raises 1260 to 2445 and is all-in
manggy94 calls 1320 and is all-in
Mistral13480 calls 2265
didiche22 raises 1235 to 3680 and is all-in
Mistral13480 calls 1235
*** FLOP *** [Js Tc Td]
*** TURN *** [Js Tc Td][5d]
*** RIVER *** [Js Tc Td 5d][Jc]
*** SHOW DOWN ***
K-l-K shows [Ah 6s 8s 9d] (One pair : Jacks)
manggy94 shows [7s 7c 3s 6c] (Two pairs : Jacks and 7)
Mistral13480 shows [7h 9c 4s 5s] (Two pairs : Jacks and 5)
34Ricardo shows [6d 3c 3h 4d] (Two pairs : Jacks and 3)
didiche22 shows [As Kd 9h Ac] (Two pairs : Aces and Jacks)
didiche22 collected 12490 from pot
*** SUMMARY ***
Total pot 12490 | No rake
Board: [Js Tc Td 5d Jc]
Seat 1: K-l-K showed [Ah 6s 8s 9d] and lost with One pair : Jacks
Seat 2: manggy94 showed [7s 7c 3s 6c] and lost with Two pairs : Jacks and 7
Seat 3: Mistral13480 showed [7h 9c 4s 5s] and lost with Two pairs : Jacks and 5
Seat 5: didiche22 (small blind) showed [As Kd 9h Ac] and won 12490 with Two pairs : Aces and Jacks
Seat 6: 34Ricardo (big blind) showed [6d 3c 3h 4d] and lost with Two pairs : Jacks and 3


