Winamax Poker - Tournament "Kill The Fish" buyIn: 2,25€ + 2,25€ + 0,50€ level: 0 - HandId: #600923842344386570-1-1450707304 - Holdem no limit (25/50) - 2015/12/21 14:15:04 UTC
Table: 'Kill The Fish(139913485)#009' 8-max (real money) Seat #7 is the button
Seat 1: resmije (10000)
Seat 2: tipokpok (10000)
Seat 3: Supras_ (10000)
Seat 4: ShArKcHiPs (10000)
Seat 5: gaellem29 (10000)
Seat 6: PS3u6D09Nlm3 (10000)
Seat 7: manggy94 (10000)
Seat 8: ROBINSON 14 (10000)
*** ANTE/BLINDS ***
ROBINSON 14 posts small blind 25
resmije posts big blind 50
Dealt to manggy94 [7s Ts]
*** PRE-FLOP *** 
tipokpok raises 125 to 175
Supras_ folds
ShArKcHiPs folds
gaellem29 calls 175
PS3u6D09Nlm3 folds
manggy94 folds
ROBINSON 14 calls 150
resmije calls 125
*** FLOP *** [Qh 7c 6c]
ROBINSON 14 checks
resmije checks
tipokpok bets 294
gaellem29 calls 294
ROBINSON 14 calls 294
resmije calls 294
*** TURN *** [Qh 7c 6c][3s]
ROBINSON 14 checks
resmije checks
tipokpok checks
gaellem29 bets 1876
ROBINSON 14 calls 1876
resmije calls 1876
tipokpok folds
*** RIVER *** [Qh 7c 6c 3s][Kh]
ROBINSON 14 checks
resmije checks
gaellem29 bets 7504
ROBINSON 14 folds
resmije folds
gaellem29 shows [Kc 2c] (One pair : Kings)
gaellem29 collected 15008 from pot
*** SUMMARY ***
Total pot 15008 | No rake
Board: [Qh 7c 6c 3s Kh]
Seat 5: gaellem29 showed [Kc 2c] and won 15008 with One pair : Kings


Winamax Poker - Tournament "Kill The Fish" buyIn: 2,25€ + 2,25€ + 0,50€ level: 0 - HandId: #600923842344386570-2-1450707396 - Holdem no limit (25/50) - 2015/12/21 14:16:36 UTC
Table: 'Kill The Fish(139913485)#009' 8-max (real money) Seat #8 is the button
Seat 1: resmije (7655)
Seat 2: tipokpok (9531)
Seat 3: Supras_ (10000)
Seat 4: ShArKcHiPs (10000)
Seat 5: gaellem29 (15159)
Seat 6: PS3u6D09Nlm3 (10000)
Seat 7: manggy94 (10000)
Seat 8: ROBINSON 14 (7655)
*** ANTE/BLINDS ***
resmije posts small blind 25
tipokpok posts big blind 50
Dealt to manggy94 [9d 7s]
*** PRE-FLOP *** 
Supras_ folds
ShArKcHiPs folds
gaellem29 folds
PS3u6D09Nlm3 calls 50
manggy94 folds
ROBINSON 14 folds
resmije calls 25
tipokpok checks
*** FLOP *** [3h 6d 9s]
resmije checks
tipokpok checks
PS3u6D09Nlm3 checks
*** TURN *** [3h 6d 9s][5s]
resmije checks
tipokpok checks
PS3u6D09Nlm3 checks
*** RIVER *** [3h 6d 9s 5s][3c]
resmije checks
tipokpok checks
PS3u6D09Nlm3 checks
*** SHOW DOWN ***
resmije shows [Th 7d] (One pair : 3)
tipokpok shows [Js 8h] (One pair : 3)
PS3u6D09Nlm3 shows [Ah Ks] (One pair : 3)
PS3u6D09Nlm3 collected 150 from pot
*** SUMMARY ***
Total pot 150 | No rake
Board: [3h 6d 9s 5s 3c]
Seat 1: resmije (small blind) showed [Th 7d] and lost with One pair : 3
Seat 2: tipokpok (big blind) showed [Js 8h] and lost with One pair : 3
Seat 6: PS3u6D09Nlm3 showed [Ah Ks] and won 150 with One pair : 3


Winamax Poker - Tournament "Kill The Fish" buyIn: 2,25€ + 2,25€ + 0,50€ level: 0 - HandId: #600923842344386570-3-1450707465 - Holdem no limit (25/50) - 2015/12/21 14:17:45 UTC
Table: 'Kill The Fish(139913485)#009' 8-max (real money) Seat #1 is the button
Seat 1: resmije (7605)
Seat 2: tipokpok (9481)
Seat 3: Supras_ (10000)
Seat 4: ShArKcHiPs (10000)
Seat 5: gaellem29 (15159)
Seat 6: PS3u6D09Nlm3 (10100)
Seat 7: manggy94 (10000)
Seat 8: ROBINSON 14 (7655)
*** ANTE/BLINDS ***
tipokpok posts small blind 25
Supras_ posts big blind 50
Dealt to manggy94 [Qs 6c]
*** PRE-FLOP *** 
ShArKcHiPs raises 50 to 100
gaellem29 raises 275 to 375
PS3u6D09Nlm3 folds
manggy94 folds
ROBINSON 14 folds
resmije calls 375
tipokpok folds
Supras_ folds
ShArKcHiPs calls 275
*** FLOP *** [2s Ad Js]
ShArKcHiPs checks
gaellem29 bets 1200
resmije folds
ShArKcHiPs calls 1200
*** TURN *** [2s Ad Js][8c]
ShArKcHiPs checks
gaellem29 bets 3600
ShArKcHiPs raises 4825 to 8425 and is all-in
gaellem29 calls 4825
*** RIVER *** [2s Ad Js 8c][Qh]
*** SHOW DOWN ***
gaellem29 shows [4h 4s] (One pair : 4)
ShArKcHiPs shows [Ah 8h] (Two pairs : Aces and 8)
ShArKcHiPs collected 20450 from pot
*** SUMMARY ***
Total pot 20450 | No rake
Board: [2s Ad Js 8c Qh]
Seat 4: ShArKcHiPs showed [Ah 8h] and won 20450 with Two pairs : Aces and 8
Seat 5: gaellem29 showed [4h 4s] and lost with One pair : 4


Winamax Poker - Tournament "Kill The Fish" buyIn: 2,25€ + 2,25€ + 0,50€ level: 0 - HandId: #600923842344386570-4-1450707520 - Holdem no limit (25/50) - 2015/12/21 14:18:40 UTC
Table: 'Kill The Fish(139913485)#009' 8-max (real money) Seat #2 is the button
Seat 1: resmije (7230)
Seat 2: tipokpok (9456)
Seat 3: Supras_ (9950)
Seat 4: ShArKcHiPs (20450)
Seat 5: gaellem29 (5159)
Seat 6: PS3u6D09Nlm3 (10100)
Seat 7: manggy94 (10000)
Seat 8: ROBINSON 14 (7655)
*** ANTE/BLINDS ***
Supras_ posts small blind 25
ShArKcHiPs posts big blind 50
Dealt to manggy94 [3h 2c]
*** PRE-FLOP *** 
gaellem29 folds
PS3u6D09Nlm3 folds
manggy94 folds
ROBINSON 14 raises 50 to 100
resmije calls 100
tipokpok folds
Supras_ calls 75
ShArKcHiPs folds
*** FLOP *** [8h Ad 6h]
Supras_ checks
ROBINSON 14 checks
resmije checks
*** TURN *** [8h Ad 6h][7c]
Supras_ bets 175
ROBINSON 14 folds
resmije calls 175
*** RIVER *** [8h Ad 6h 7c][Td]
Supras_ bets 700
resmije calls 700
*** SHOW DOWN ***
resmije shows [6s 7d] (Two pairs : 7 and 6)
Supras_ shows [9c As] (Straight Ten high)
Supras_ collected 2100 from pot
*** SUMMARY ***
Total pot 2100 | No rake
Board: [8h Ad 6h 7c Td]
Seat 1: resmije showed [6s 7d] and lost with Two pairs : 7 and 6
Seat 3: Supras_ (small blind) showed [9c As] and won 2100 with Straight Ten high


Winamax Poker - Tournament "Kill The Fish" buyIn: 2,25€ + 2,25€ + 0,50€ level: 0 - HandId: #600923842344386570-5-1450707568 - Holdem no limit (25/50) - 2015/12/21 14:19:28 UTC
Table: 'Kill The Fish(139913485)#009' 8-max (real money) Seat #3 is the button
Seat 1: resmije (6255)
Seat 2: tipokpok (9456)
Seat 3: Supras_ (11075)
Seat 4: ShArKcHiPs (20400)
Seat 5: gaellem29 (5159)
Seat 6: PS3u6D09Nlm3 (10100)
Seat 7: manggy94 (10000)
Seat 8: ROBINSON 14 (7555)
*** ANTE/BLINDS ***
ShArKcHiPs posts small blind 25
gaellem29 posts big blind 50
Dealt to manggy94 [Tc 7d]
*** PRE-FLOP *** 
PS3u6D09Nlm3 calls 50
manggy94 folds
ROBINSON 14 folds
resmije raises 700 to 750
tipokpok folds
Supras_ folds
ShArKcHiPs raises 19650 to 20400 and is all-in
gaellem29 calls 5109 and is all-in
PS3u6D09Nlm3 folds
resmije folds
*** FLOP *** [2s 5h 3h]
*** TURN *** [2s 5h 3h][4s]
*** RIVER *** [2s 5h 3h 4s][6c]
*** SHOW DOWN ***
gaellem29 shows [Js Ah] (Straight 6 high)
ShArKcHiPs shows [9c 9d] (Straight 6 high)
ShArKcHiPs collected 20800 from side pot 1
gaellem29 collected 5559 from main pot
*** SUMMARY ***
Total pot 26359 | No rake
Board: [2s 5h 3h 4s 6c]
Seat 4: ShArKcHiPs (small blind) showed [9c 9d] and won 20800 with Straight 6 high
Seat 5: gaellem29 (big blind) showed [Js Ah] and won 5559 with Straight 6 high


Winamax Poker - Tournament "Kill The Fish" buyIn: 2,25€ + 2,25€ + 0,50€ level: 0 - HandId: #600923842344386570-6-1450707599 - Holdem no limit (25/50) - 2015/12/21 14:19:59 UTC
Table: 'Kill The Fish(139913485)#009' 8-max (real money) Seat #4 is the button
Seat 1: resmije (5505)
Seat 2: tipokpok (9456)
Seat 3: Supras_ (11075)
Seat 4: ShArKcHiPs (20800)
Seat 5: gaellem29 (5559)
Seat 6: PS3u6D09Nlm3 (10050)
Seat 7: manggy94 (10000)
Seat 8: ROBINSON 14 (7555)
*** ANTE/BLINDS ***
gaellem29 posts small blind 25
PS3u6D09Nlm3 posts big blind 50
Dealt to manggy94 [Jc Ac]
*** PRE-FLOP *** 
manggy94 raises 125 to 175
ROBINSON 14 folds
resmije calls 175
tipokpok folds
Supras_ folds
ShArKcHiPs calls 175
gaellem29 calls 150
PS3u6D09Nlm3 folds
*** FLOP *** [9c Ks 8s]
gaellem29 bets 5384 and is all-in
manggy94 folds
resmije calls 5330 and is all-in
ShArKcHiPs folds
*** TURN *** [9c Ks 8s][6c]
*** RIVER *** [9c Ks 8s 6c][Jh]
*** SHOW DOWN ***
resmije shows [2h Kc] (One pair : Kings)
gaellem29 shows [Qs 4s] (High card : King)
gaellem29 collected 54 from side pot 1
resmije collected 11410 from main pot
*** SUMMARY ***
Total pot 11464 | No rake
Board: [9c Ks 8s 6c Jh]
Seat 1: resmije showed [2h Kc] and won 11410 with One pair : Kings
Seat 5: gaellem29 (small blind) showed [Qs 4s] and won 54 with High card : King


Winamax Poker - Tournament "Kill The Fish" buyIn: 2,25€ + 2,25€ + 0,50€ level: 0 - HandId: #600923842344386570-7-1450707646 - Holdem no limit (25/50) - 2015/12/21 14:20:46 UTC
Table: 'Kill The Fish(139913485)#009' 8-max (real money) Seat #5 is the button
Seat 1: resmije (11410)
Seat 2: tipokpok (9456)
Seat 3: Supras_ (11075)
Seat 4: ShArKcHiPs (20625)
Seat 5: gaellem29 (54)
Seat 6: PS3u6D09Nlm3 (10000)
Seat 7: manggy94 (9825)
Seat 8: ROBINSON 14 (7555)
*** ANTE/BLINDS ***
PS3u6D09Nlm3 posts small blind 25
manggy94 posts big blind 50
Dealt to manggy94 [3d 6d]
*** PRE-FLOP *** 
ROBINSON 14 calls 50
resmije calls 50
tipokpok folds
Supras_ calls 50
ShArKcHiPs raises 20575 to 20625 and is all-in
gaellem29 calls 54 and is all-in
PS3u6D09Nlm3 folds
manggy94 folds
ROBINSON 14 folds
resmije folds
Supras_ folds
*** FLOP *** [8h 5d 7s]
*** TURN *** [8h 5d 7s][5c]
*** RIVER *** [8h 5d 7s 5c][3h]
*** SHOW DOWN ***
gaellem29 shows [6h Qc] (One pair : 5)
ShArKcHiPs shows [Js Qd] (One pair : 5)
ShArKcHiPs collected 20904 from pot
*** SUMMARY ***
Total pot 20904 | No rake
Board: [8h 5d 7s 5c 3h]
Seat 4: ShArKcHiPs showed [Js Qd] and won 20904 with One pair : 5
Seat 5: gaellem29 (button) showed [6h Qc] and lost with One pair : 5


Winamax Poker - Tournament "Kill The Fish" buyIn: 2,25€ + 2,25€ + 0,50€ level: 1 - HandId: #600923842344386570-8-1450707678 - Holdem no limit (50/100) - 2015/12/21 14:21:18 UTC
Table: 'Kill The Fish(139913485)#009' 8-max (real money) Seat #6 is the button
Seat 1: resmije (11360)
Seat 2: tipokpok (9456)
Seat 3: Supras_ (11025)
Seat 4: ShArKcHiPs (20904)
Seat 6: PS3u6D09Nlm3 (9975)
Seat 7: manggy94 (9775)
Seat 8: ROBINSON 14 (7505)
*** ANTE/BLINDS ***
manggy94 posts small blind 50
ROBINSON 14 posts big blind 100
Dealt to manggy94 [Jh 9d]
*** PRE-FLOP *** 
resmije folds
tipokpok folds
Supras_ folds
ShArKcHiPs raises 100 to 200
PS3u6D09Nlm3 folds
manggy94 folds
ROBINSON 14 calls 100
*** FLOP *** [Th Qc 9c]
ROBINSON 14 checks
ShArKcHiPs bets 100
ROBINSON 14 calls 100
*** TURN *** [Th Qc 9c][3s]
ROBINSON 14 checks
ShArKcHiPs bets 100
ROBINSON 14 calls 100
*** RIVER *** [Th Qc 9c 3s][6d]
ROBINSON 14 checks
ShArKcHiPs checks
*** SHOW DOWN ***
ROBINSON 14 shows [Kc 6c] (One pair : 6)
ShArKcHiPs shows [8s 9s] (One pair : 9)
ShArKcHiPs collected 850 from pot
*** SUMMARY ***
Total pot 850 | No rake
Board: [Th Qc 9c 3s 6d]
Seat 4: ShArKcHiPs showed [8s 9s] and won 850 with One pair : 9
Seat 8: ROBINSON 14 (big blind) showed [Kc 6c] and lost with One pair : 6


Winamax Poker - Tournament "Kill The Fish" buyIn: 2,25€ + 2,25€ + 0,50€ level: 1 - HandId: #600923842344386570-9-1450707740 - Holdem no limit (50/100) - 2015/12/21 14:22:20 UTC
Table: 'Kill The Fish(139913485)#009' 8-max (real money) Seat #7 is the button
Seat 1: resmije (11360)
Seat 2: tipokpok (9456)
Seat 3: Supras_ (11025)
Seat 4: ShArKcHiPs (21354)
Seat 5: loloetloll (10000)
Seat 6: PS3u6D09Nlm3 (9975)
Seat 7: manggy94 (9725)
Seat 8: ROBINSON 14 (7105)
*** ANTE/BLINDS ***
ROBINSON 14 posts small blind 50
resmije posts big blind 100
Dealt to manggy94 [4h 6h]
*** PRE-FLOP *** 
tipokpok folds
Supras_ raises 200 to 300
ShArKcHiPs raises 250 to 550
loloetloll calls 550
PS3u6D09Nlm3 folds
manggy94 folds
ROBINSON 14 folds
resmije folds
Supras_ calls 250
*** FLOP *** [Jc 3h 2d]
Supras_ checks
ShArKcHiPs bets 1800
loloetloll calls 1800
Supras_ folds
*** TURN *** [Jc 3h 2d][7c]
ShArKcHiPs bets 19004 and is all-in
loloetloll calls 7650 and is all-in
*** RIVER *** [Jc 3h 2d 7c][Qd]
*** SHOW DOWN ***
loloetloll shows [Js 9s] (One pair : Jacks)
ShArKcHiPs shows [Jh Ah] (One pair : Jacks)
ShArKcHiPs collected 32054 from pot
*** SUMMARY ***
Total pot 32054 | No rake
Board: [Jc 3h 2d 7c Qd]
Seat 4: ShArKcHiPs showed [Jh Ah] and won 32054 with One pair : Jacks
Seat 5: loloetloll showed [Js 9s] and lost with One pair : Jacks


Winamax Poker - Tournament "Kill The Fish" buyIn: 2,25€ + 2,25€ + 0,50€ level: 1 - HandId: #600923842344386570-10-1450707848 - Holdem no limit (50/100) - 2015/12/21 14:24:08 UTC
Table: 'Kill The Fish(139913485)#009' 8-max (real money) Seat #8 is the button
Seat 1: resmije (11260)
Seat 2: tipokpok (9456)
Seat 3: Supras_ (10475)
Seat 4: ShArKcHiPs (32054)
Seat 6: PS3u6D09Nlm3 (9975)
Seat 7: manggy94 (9725)
Seat 8: ROBINSON 14 (7055)
*** ANTE/BLINDS ***
resmije posts small blind 50
tipokpok posts big blind 100
Dealt to manggy94 [7d Kh]
*** PRE-FLOP *** 
Supras_ folds
ShArKcHiPs folds
PS3u6D09Nlm3 raises 300 to 400
manggy94 folds
ROBINSON 14 folds
resmije calls 350
tipokpok folds
*** FLOP *** [2h Kc 9d]
resmije checks
PS3u6D09Nlm3 bets 600
resmije folds
PS3u6D09Nlm3 collected 1500 from pot
*** SUMMARY ***
Total pot 1500 | No rake
Board: [2h Kc 9d]
Seat 6: PS3u6D09Nlm3 won 1500


Winamax Poker - Tournament "Kill The Fish" buyIn: 2,25€ + 2,25€ + 0,50€ level: 1 - HandId: #600923842344386570-11-1450707891 - Holdem no limit (50/100) - 2015/12/21 14:24:51 UTC
Table: 'Kill The Fish(139913485)#009' 8-max (real money) Seat #1 is the button
Seat 1: resmije (10860)
Seat 2: tipokpok (9356)
Seat 3: Supras_ (10475)
Seat 4: ShArKcHiPs (32054)
Seat 5: allstaars (10000)
Seat 6: PS3u6D09Nlm3 (10475)
Seat 7: manggy94 (9725)
Seat 8: ROBINSON 14 (7055)
*** ANTE/BLINDS ***
tipokpok posts small blind 50
Supras_ posts big blind 100
Dealt to manggy94 [3c 9d]
*** PRE-FLOP *** 
ShArKcHiPs folds
allstaars raises 150 to 250
PS3u6D09Nlm3 folds
manggy94 folds
ROBINSON 14 folds
resmije calls 250
tipokpok folds
Supras_ folds
*** FLOP *** [Ks Kc 9c]
allstaars checks
resmije bets 250
allstaars raises 300 to 550
resmije raises 300 to 850
allstaars calls 300
*** TURN *** [Ks Kc 9c][5d]
allstaars checks
resmije bets 300
allstaars calls 300
*** RIVER *** [Ks Kc 9c 5d][7d]
allstaars checks
resmije checks
*** SHOW DOWN ***
allstaars shows [2h 2c] (Two pairs : Kings and 2)
resmije shows [Jc 9h] (Two pairs : Kings and 9)
resmije collected 2950 from pot
*** SUMMARY ***
Total pot 2950 | No rake
Board: [Ks Kc 9c 5d 7d]
Seat 1: resmije (button) showed [Jc 9h] and won 2950 with Two pairs : Kings and 9
Seat 5: allstaars showed [2h 2c] and lost with Two pairs : Kings and 2


Winamax Poker - Tournament "Kill The Fish" buyIn: 2,25€ + 2,25€ + 0,50€ level: 1 - HandId: #600923842344386570-12-1450707961 - Holdem no limit (50/100) - 2015/12/21 14:26:01 UTC
Table: 'Kill The Fish(139913485)#009' 8-max (real money) Seat #2 is the button
Seat 1: resmije (12410)
Seat 2: tipokpok (9306)
Seat 3: Supras_ (10375)
Seat 4: ShArKcHiPs (32054)
Seat 5: allstaars (8600)
Seat 6: PS3u6D09Nlm3 (10475)
Seat 7: manggy94 (9725)
Seat 8: ROBINSON 14 (7055)
*** ANTE/BLINDS ***
Supras_ posts small blind 50
ShArKcHiPs posts big blind 100
Dealt to manggy94 [8d Kd]
*** PRE-FLOP *** 
allstaars folds
PS3u6D09Nlm3 raises 200 to 300
manggy94 calls 300
ROBINSON 14 calls 300
resmije calls 300
tipokpok calls 300
Supras_ folds
ShArKcHiPs folds
*** FLOP *** [9s 2c 6d]
PS3u6D09Nlm3 checks
manggy94 checks
ROBINSON 14 checks
resmije checks
tipokpok checks
*** TURN *** [9s 2c 6d][5h]
PS3u6D09Nlm3 bets 500
manggy94 folds
ROBINSON 14 folds
resmije calls 500
tipokpok folds
*** RIVER *** [9s 2c 6d 5h][9h]
PS3u6D09Nlm3 bets 500
resmije folds
PS3u6D09Nlm3 collected 3150 from pot
*** SUMMARY ***
Total pot 3150 | No rake
Board: [9s 2c 6d 5h 9h]
Seat 6: PS3u6D09Nlm3 won 3150


Winamax Poker - Tournament "Kill The Fish" buyIn: 2,25€ + 2,25€ + 0,50€ level: 2 - HandId: #600923842344386570-13-1450708041 - Holdem no limit (75/150) - 2015/12/21 14:27:21 UTC
Table: 'Kill The Fish(139913485)#009' 8-max (real money) Seat #3 is the button
Seat 1: resmije (11610)
Seat 2: tipokpok (9006)
Seat 3: Supras_ (10325)
Seat 4: ShArKcHiPs (31954)
Seat 5: allstaars (8600)
Seat 6: PS3u6D09Nlm3 (12325)
Seat 7: manggy94 (9425)
Seat 8: ROBINSON 14 (6755)
*** ANTE/BLINDS ***
ShArKcHiPs posts small blind 75
allstaars posts big blind 150
Dealt to manggy94 [5s Qs]
*** PRE-FLOP *** 
PS3u6D09Nlm3 folds
manggy94 folds
ROBINSON 14 folds
resmije folds
tipokpok folds
Supras_ folds
ShArKcHiPs folds
allstaars collected 225 from pot
*** SUMMARY ***
Total pot 225 | No rake
Seat 5: allstaars (big blind) won 225


Winamax Poker - Tournament "Kill The Fish" buyIn: 2,25€ + 2,25€ + 0,50€ level: 2 - HandId: #600923842344386570-14-1450708063 - Holdem no limit (75/150) - 2015/12/21 14:27:43 UTC
Table: 'Kill The Fish(139913485)#009' 8-max (real money) Seat #4 is the button
Seat 1: resmije (11610)
Seat 2: tipokpok (9006)
Seat 3: Supras_ (10325)
Seat 4: ShArKcHiPs (31879)
Seat 5: allstaars (8675)
Seat 6: PS3u6D09Nlm3 (12325)
Seat 7: manggy94 (9425)
Seat 8: ROBINSON 14 (6755)
*** ANTE/BLINDS ***
allstaars posts small blind 75
PS3u6D09Nlm3 posts big blind 150
Dealt to manggy94 [5c Qh]
*** PRE-FLOP *** 
manggy94 folds
ROBINSON 14 folds
resmije folds
tipokpok folds
Supras_ calls 150
ShArKcHiPs folds
allstaars calls 75
PS3u6D09Nlm3 checks
*** FLOP *** [Kc As 8s]
allstaars checks
PS3u6D09Nlm3 checks
Supras_ bets 300
allstaars calls 300
PS3u6D09Nlm3 calls 300
*** TURN *** [Kc As 8s][9c]
allstaars checks
PS3u6D09Nlm3 checks
Supras_ bets 675
allstaars calls 675
PS3u6D09Nlm3 folds
*** RIVER *** [Kc As 8s 9c][3c]
allstaars bets 1350
Supras_ calls 1350
*** SHOW DOWN ***
allstaars shows [4c Ks] (One pair : Kings)
Supras_ shows [Ah 5h] (One pair : Aces)
Supras_ collected 5400 from pot
*** SUMMARY ***
Total pot 5400 | No rake
Board: [Kc As 8s 9c 3c]
Seat 3: Supras_ showed [Ah 5h] and won 5400 with One pair : Aces
Seat 5: allstaars (small blind) showed [4c Ks] and lost with One pair : Kings


Winamax Poker - Tournament "Kill The Fish" buyIn: 2,25€ + 2,25€ + 0,50€ level: 2 - HandId: #600923842344386570-15-1450708149 - Holdem no limit (75/150) - 2015/12/21 14:29:09 UTC
Table: 'Kill The Fish(139913485)#009' 8-max (real money) Seat #5 is the button
Seat 1: resmije (11610)
Seat 2: tipokpok (9006)
Seat 3: Supras_ (13250)
Seat 4: ShArKcHiPs (31879)
Seat 5: allstaars (6200)
Seat 6: PS3u6D09Nlm3 (11875)
Seat 7: manggy94 (9425)
Seat 8: ROBINSON 14 (6755)
*** ANTE/BLINDS ***
PS3u6D09Nlm3 posts small blind 75
manggy94 posts big blind 150
Dealt to manggy94 [5c 3d]
*** PRE-FLOP *** 
ROBINSON 14 folds
resmije calls 150
tipokpok folds
Supras_ calls 150
ShArKcHiPs folds
allstaars raises 300 to 450
PS3u6D09Nlm3 folds
manggy94 folds
resmije calls 300
Supras_ calls 300
*** FLOP *** [9s Td 6d]
resmije checks
Supras_ checks
allstaars bets 1050
resmije folds
Supras_ calls 1050
*** TURN *** [9s Td 6d][4s]
Supras_ checks
allstaars bets 4700 and is all-in
Supras_ folds
allstaars collected 8375 from pot
*** SUMMARY ***
Total pot 8375 | No rake
Board: [9s Td 6d 4s]
Seat 5: allstaars (button) won 8375


Winamax Poker - Tournament "Kill The Fish" buyIn: 2,25€ + 2,25€ + 0,50€ level: 2 - HandId: #600923842344386570-16-1450708211 - Holdem no limit (75/150) - 2015/12/21 14:30:11 UTC
Table: 'Kill The Fish(139913485)#009' 8-max (real money) Seat #6 is the button
Seat 1: resmije (11160)
Seat 2: tipokpok (9006)
Seat 3: Supras_ (11750)
Seat 4: ShArKcHiPs (31879)
Seat 5: allstaars (8375)
Seat 6: PS3u6D09Nlm3 (11800)
Seat 7: manggy94 (9275)
Seat 8: ROBINSON 14 (6755)
*** ANTE/BLINDS ***
manggy94 posts small blind 75
ROBINSON 14 posts big blind 150
Dealt to manggy94 [4d 8h]
*** PRE-FLOP *** 
resmije calls 150
tipokpok folds
Supras_ folds
ShArKcHiPs folds
allstaars calls 150
PS3u6D09Nlm3 folds
manggy94 folds
ROBINSON 14 checks
*** FLOP *** [8d Ad 7s]
ROBINSON 14 checks
resmije checks
allstaars bets 350
ROBINSON 14 folds
resmije calls 350
*** TURN *** [8d Ad 7s][Ks]
resmije checks
allstaars bets 817
resmije calls 817
*** RIVER *** [8d Ad 7s Ks][Kd]
resmije checks
allstaars folds
resmije collected 2859 from pot
*** SUMMARY ***
Total pot 2859 | No rake
Board: [8d Ad 7s Ks Kd]
Seat 1: resmije won 2859


Winamax Poker - Tournament "Kill The Fish" buyIn: 2,25€ + 2,25€ + 0,50€ level: 2 - HandId: #600923842344386570-17-1450708277 - Holdem no limit (75/150) - 2015/12/21 14:31:17 UTC
Table: 'Kill The Fish(139913485)#009' 8-max (real money) Seat #7 is the button
Seat 1: resmije (12702)
Seat 2: tipokpok (9006)
Seat 3: Supras_ (11750)
Seat 4: ShArKcHiPs (31879)
Seat 5: allstaars (7058)
Seat 6: PS3u6D09Nlm3 (11800)
Seat 7: manggy94 (9200)
Seat 8: ROBINSON 14 (6605)
*** ANTE/BLINDS ***
ROBINSON 14 posts small blind 75
resmije posts big blind 150
Dealt to manggy94 [Kc 4s]
*** PRE-FLOP *** 
tipokpok folds
Supras_ folds
ShArKcHiPs folds
allstaars folds
PS3u6D09Nlm3 folds
manggy94 raises 375 to 525
ROBINSON 14 folds
resmije calls 375
*** FLOP *** [Qs Js 9d]
resmije checks
manggy94 bets 1125
resmije calls 1125
*** TURN *** [Qs Js 9d][3s]
resmije checks
manggy94 checks
*** RIVER *** [Qs Js 9d 3s][Kh]
resmije checks
manggy94 checks
*** SHOW DOWN ***
resmije shows [8h Jh] (One pair : Jacks)
manggy94 shows [Kc 4s] (One pair : Kings)
manggy94 collected 3375 from pot
*** SUMMARY ***
Total pot 3375 | No rake
Board: [Qs Js 9d 3s Kh]
Seat 1: resmije (big blind) showed [8h Jh] and lost with One pair : Jacks
Seat 7: manggy94 (button) showed [Kc 4s] and won 3375 with One pair : Kings


Winamax Poker - Tournament "Kill The Fish" buyIn: 2,25€ + 2,25€ + 0,50€ level: 2 - HandId: #600923842344386570-18-1450708321 - Holdem no limit (75/150) - 2015/12/21 14:32:01 UTC
Table: 'Kill The Fish(139913485)#009' 8-max (real money) Seat #8 is the button
Seat 1: resmije (11052)
Seat 2: tipokpok (9006)
Seat 3: Supras_ (11750)
Seat 4: ShArKcHiPs (31879)
Seat 5: allstaars (7058)
Seat 6: PS3u6D09Nlm3 (11800)
Seat 7: manggy94 (10925)
Seat 8: ROBINSON 14 (6530)
*** ANTE/BLINDS ***
resmije posts small blind 75
tipokpok posts big blind 150
Dealt to manggy94 [As Td]
*** PRE-FLOP *** 
Supras_ folds
ShArKcHiPs folds
allstaars raises 300 to 450
PS3u6D09Nlm3 folds
manggy94 calls 450
ROBINSON 14 folds
resmije raises 10602 to 11052 and is all-in
tipokpok folds
allstaars calls 6608 and is all-in
manggy94 folds
*** FLOP *** [4d 3s Qh]
*** TURN *** [4d 3s Qh][3c]
*** RIVER *** [4d 3s Qh 3c][7s]
*** SHOW DOWN ***
allstaars shows [Qd Jh] (Two pairs : Queens and 3)
resmije shows [Ks Js] (One pair : 3)
resmije collected 3994 from side pot 1
allstaars collected 14716 from main pot
*** SUMMARY ***
Total pot 18710 | No rake
Board: [4d 3s Qh 3c 7s]
Seat 1: resmije (small blind) showed [Ks Js] and won 3994 with One pair : 3
Seat 5: allstaars showed [Qd Jh] and won 14716 with Two pairs : Queens and 3


Winamax Poker - Tournament "Kill The Fish" buyIn: 2,25€ + 2,25€ + 0,50€ level: 2 - HandId: #600923842344386570-19-1450708364 - Holdem no limit (75/150) - 2015/12/21 14:32:44 UTC
Table: 'Kill The Fish(139913485)#009' 8-max (real money) Seat #1 is the button
Seat 1: resmije (3994)
Seat 2: tipokpok (8856)
Seat 3: Supras_ (11750)
Seat 4: ShArKcHiPs (31879)
Seat 5: allstaars (14716)
Seat 6: PS3u6D09Nlm3 (11800)
Seat 7: manggy94 (10475)
Seat 8: ROBINSON 14 (6530)
*** ANTE/BLINDS ***
tipokpok posts small blind 75
Supras_ posts big blind 150
Dealt to manggy94 [9h 6s]
*** PRE-FLOP *** 
ShArKcHiPs folds
allstaars folds
PS3u6D09Nlm3 folds
manggy94 folds
ROBINSON 14 folds
resmije raises 3844 to 3994 and is all-in
tipokpok folds
Supras_ folds
resmije collected 4219 from pot
*** SUMMARY ***
Total pot 4219 | No rake
Seat 1: resmije (button) won 4219


Winamax Poker - Tournament "Kill The Fish" buyIn: 2,25€ + 2,25€ + 0,50€ level: 3 - HandId: #600923842344386570-20-1450708399 - Holdem no limit (100/200) - 2015/12/21 14:33:19 UTC
Table: 'Kill The Fish(139913485)#009' 8-max (real money) Seat #2 is the button
Seat 1: resmije (4219)
Seat 2: tipokpok (8781)
Seat 3: Supras_ (11600)
Seat 4: ShArKcHiPs (31879)
Seat 5: allstaars (14716)
Seat 6: PS3u6D09Nlm3 (11800)
Seat 7: manggy94 (10475)
Seat 8: ROBINSON 14 (6530)
*** ANTE/BLINDS ***
Supras_ posts small blind 100
ShArKcHiPs posts big blind 200
Dealt to manggy94 [5d Kh]
*** PRE-FLOP *** 
allstaars folds
PS3u6D09Nlm3 folds
manggy94 calls 200
ROBINSON 14 folds
resmije raises 4019 to 4219 and is all-in
tipokpok folds
Supras_ folds
ShArKcHiPs folds
manggy94 calls 4019
*** FLOP *** [Tc 8h Qh]
*** TURN *** [Tc 8h Qh][As]
*** RIVER *** [Tc 8h Qh As][Kc]
*** SHOW DOWN ***
manggy94 shows [5d Kh] (One pair : Kings)
resmije shows [5c Jh] (Straight Ace high)
resmije collected 8738 from pot
*** SUMMARY ***
Total pot 8738 | No rake
Board: [Tc 8h Qh As Kc]
Seat 1: resmije showed [5c Jh] and won 8738 with Straight Ace high
Seat 7: manggy94 showed [5d Kh] and lost with One pair : Kings


Winamax Poker - Tournament "Kill The Fish" buyIn: 2,25€ + 2,25€ + 0,50€ level: 3 - HandId: #600923842344386570-21-1450708438 - Holdem no limit (100/200) - 2015/12/21 14:33:58 UTC
Table: 'Kill The Fish(139913485)#009' 8-max (real money) Seat #3 is the button
Seat 1: resmije (8738)
Seat 2: tipokpok (8781)
Seat 3: Supras_ (11500)
Seat 4: ShArKcHiPs (31679)
Seat 5: allstaars (14716)
Seat 6: PS3u6D09Nlm3 (11800)
Seat 7: manggy94 (6256)
Seat 8: ROBINSON 14 (6530)
*** ANTE/BLINDS ***
ShArKcHiPs posts small blind 100
allstaars posts big blind 200
Dealt to manggy94 [2h Ks]
*** PRE-FLOP *** 
PS3u6D09Nlm3 calls 200
manggy94 folds
ROBINSON 14 folds
resmije calls 200
tipokpok folds
Supras_ folds
ShArKcHiPs folds
allstaars checks
*** FLOP *** [3h Jh 6d]
allstaars checks
PS3u6D09Nlm3 checks
resmije checks
*** TURN *** [3h Jh 6d][Jc]
allstaars bets 525
PS3u6D09Nlm3 folds
resmije folds
allstaars collected 1225 from pot
*** SUMMARY ***
Total pot 1225 | No rake
Board: [3h Jh 6d Jc]
Seat 5: allstaars (big blind) won 1225


Winamax Poker - Tournament "Kill The Fish" buyIn: 2,25€ + 2,25€ + 0,50€ level: 3 - HandId: #600923842344386570-22-1450708598 - Holdem no limit (100/200) - 2015/12/21 14:36:38 UTC
Table: 'Kill The Fish(139913485)#009' 8-max (real money) Seat #4 is the button
Seat 1: resmije (8538)
Seat 2: tipokpok (8781)
Seat 3: Supras_ (11500)
Seat 4: ShArKcHiPs (31579)
Seat 5: allstaars (15216)
Seat 6: PS3u6D09Nlm3 (11600)
Seat 7: manggy94 (6256)
Seat 8: ROBINSON 14 (6530)
*** ANTE/BLINDS ***
allstaars posts small blind 100
PS3u6D09Nlm3 posts big blind 200
Dealt to manggy94 [5c 9h]
*** PRE-FLOP *** 
manggy94 folds
ROBINSON 14 folds
resmije calls 200
tipokpok folds
Supras_ folds
ShArKcHiPs folds
allstaars raises 400 to 600
PS3u6D09Nlm3 folds
resmije calls 400
*** FLOP *** [Ts Qc Th]
allstaars checks
resmije checks
*** TURN *** [Ts Qc Th][6h]
allstaars checks
resmije checks
*** RIVER *** [Ts Qc Th 6h][4s]
allstaars checks
resmije bets 1600
allstaars calls 1600
*** SHOW DOWN ***
resmije shows [4d Ad] (Two pairs : Tens and 4)
allstaars shows [6s As] (Two pairs : Tens and 6)
allstaars collected 4600 from pot
*** SUMMARY ***
Total pot 4600 | No rake
Board: [Ts Qc Th 6h 4s]
Seat 1: resmije showed [4d Ad] and lost with Two pairs : Tens and 4
Seat 5: allstaars (small blind) showed [6s As] and won 4600 with Two pairs : Tens and 6


Winamax Poker - Tournament "Kill The Fish" buyIn: 2,25€ + 2,25€ + 0,50€ level: 3 - HandId: #600923842344386570-23-1450708681 - Holdem no limit (100/200) - 2015/12/21 14:38:01 UTC
Table: 'Kill The Fish(139913485)#009' 8-max (real money) Seat #5 is the button
Seat 1: resmije (6338)
Seat 2: tipokpok (8781)
Seat 3: Supras_ (11500)
Seat 4: ShArKcHiPs (31579)
Seat 5: allstaars (17616)
Seat 6: PS3u6D09Nlm3 (11400)
Seat 7: manggy94 (6256)
Seat 8: ROBINSON 14 (6530)
*** ANTE/BLINDS ***
PS3u6D09Nlm3 posts small blind 100
manggy94 posts big blind 200
Dealt to manggy94 [6c Qd]
*** PRE-FLOP *** 
ROBINSON 14 folds
resmije folds
tipokpok raises 320 to 520
Supras_ folds
ShArKcHiPs folds
allstaars calls 520
PS3u6D09Nlm3 calls 420
manggy94 folds
*** FLOP *** [Td 6d Js]
PS3u6D09Nlm3 checks
tipokpok bets 968
allstaars calls 968
PS3u6D09Nlm3 folds
*** TURN *** [Td 6d Js][Jh]
tipokpok bets 1700
allstaars calls 1700
*** RIVER *** [Td 6d Js Jh][2d]
tipokpok bets 5593 and is all-in
allstaars folds
tipokpok collected 12689 from pot
*** SUMMARY ***
Total pot 12689 | No rake
Board: [Td 6d Js Jh 2d]
Seat 2: tipokpok won 12689


Winamax Poker - Tournament "Kill The Fish" buyIn: 2,25€ + 2,25€ + 0,50€ level: 4 - HandId: #600923842344386570-24-1450708755 - Holdem no limit (150/300) - 2015/12/21 14:39:15 UTC
Table: 'Kill The Fish(139913485)#009' 8-max (real money) Seat #6 is the button
Seat 1: resmije (6338)
Seat 2: tipokpok (12689)
Seat 3: Supras_ (11500)
Seat 4: ShArKcHiPs (31579)
Seat 5: allstaars (14428)
Seat 6: PS3u6D09Nlm3 (10880)
Seat 7: manggy94 (6056)
Seat 8: ROBINSON 14 (6530)
*** ANTE/BLINDS ***
manggy94 posts small blind 150
ROBINSON 14 posts big blind 300
Dealt to manggy94 [6c Jc]
*** PRE-FLOP *** 
resmije raises 1050 to 1350
tipokpok folds
Supras_ folds
ShArKcHiPs folds
allstaars folds
PS3u6D09Nlm3 raises 9530 to 10880 and is all-in
manggy94 folds
ROBINSON 14 folds
resmije calls 4988 and is all-in
*** FLOP *** [3d Kd 6h]
*** TURN *** [3d Kd 6h][3s]
*** RIVER *** [3d Kd 6h 3s][5h]
*** SHOW DOWN ***
resmije shows [2h Ah] (One pair : 3)
PS3u6D09Nlm3 shows [As 9c] (One pair : 3)
PS3u6D09Nlm3 collected 17668 from pot
*** SUMMARY ***
Total pot 17668 | No rake
Board: [3d Kd 6h 3s 5h]
Seat 1: resmije showed [2h Ah] and lost with One pair : 3
Seat 6: PS3u6D09Nlm3 (button) showed [As 9c] and won 17668 with One pair : 3


Winamax Poker - Tournament "Kill The Fish" buyIn: 2,25€ + 2,25€ + 0,50€ level: 4 - HandId: #600923842344386570-25-1450708812 - Holdem no limit (150/300) - 2015/12/21 14:40:12 UTC
Table: 'Kill The Fish(139913485)#009' 8-max (real money) Seat #7 is the button
Seat 2: tipokpok (12689)
Seat 3: Supras_ (11500)
Seat 4: ShArKcHiPs (31579)
Seat 5: allstaars (14428)
Seat 6: PS3u6D09Nlm3 (17668)
Seat 7: manggy94 (5906)
Seat 8: ROBINSON 14 (6230)
*** ANTE/BLINDS ***
ROBINSON 14 posts small blind 150
tipokpok posts big blind 300
Dealt to manggy94 [6s Kh]
*** PRE-FLOP *** 
Supras_ folds
ShArKcHiPs folds
allstaars raises 300 to 600
PS3u6D09Nlm3 folds
manggy94 calls 600
ROBINSON 14 folds
tipokpok calls 300
*** FLOP *** [6c 4h 7h]
tipokpok checks
allstaars bets 1350
manggy94 calls 1350
tipokpok folds
*** TURN *** [6c 4h 7h][8d]
allstaars checks
manggy94 checks
*** RIVER *** [6c 4h 7h 8d][3s]
allstaars checks
manggy94 checks
*** SHOW DOWN ***
allstaars shows [As 3d] (One pair : 3)
manggy94 shows [6s Kh] (One pair : 6)
manggy94 collected 4650 from pot
*** SUMMARY ***
Total pot 4650 | No rake
Board: [6c 4h 7h 8d 3s]
Seat 5: allstaars showed [As 3d] and lost with One pair : 3
Seat 7: manggy94 (button) showed [6s Kh] and won 4650 with One pair : 6


Winamax Poker - Tournament "Kill The Fish" buyIn: 2,25€ + 2,25€ + 0,50€ level: 4 - HandId: #600923842344386570-26-1450708885 - Holdem no limit (150/300) - 2015/12/21 14:41:25 UTC
Table: 'Kill The Fish(139913485)#009' 8-max (real money) Seat #1 is the button
Seat 1: Genburgh-24 (10000)
Seat 2: tipokpok (12089)
Seat 3: Supras_ (11500)
Seat 4: ShArKcHiPs (31579)
Seat 5: allstaars (12478)
Seat 6: PS3u6D09Nlm3 (17668)
Seat 7: manggy94 (8606)
Seat 8: ROBINSON 14 (6080)
*** ANTE/BLINDS ***
tipokpok posts small blind 150
Supras_ posts big blind 300
Dealt to manggy94 [Kc Qd]
*** PRE-FLOP *** 
ShArKcHiPs folds
allstaars folds
PS3u6D09Nlm3 folds
manggy94 raises 750 to 1050
ROBINSON 14 folds
Genburgh-24 folds
tipokpok folds
Supras_ calls 750
*** FLOP *** [3h 3c 7h]
Supras_ checks
manggy94 checks
*** TURN *** [3h 3c 7h][8d]
Supras_ bets 1211
manggy94 calls 1211
*** RIVER *** [3h 3c 7h 8d][Ts]
Supras_ checks
manggy94 checks
*** SHOW DOWN ***
manggy94 shows [Kc Qd] (One pair : 3)
Supras_ shows [8c Ac] (Two pairs : 8 and 3)
Supras_ collected 4672 from pot
*** SUMMARY ***
Total pot 4672 | No rake
Board: [3h 3c 7h 8d Ts]
Seat 3: Supras_ (big blind) showed [8c Ac] and won 4672 with Two pairs : 8 and 3
Seat 7: manggy94 showed [Kc Qd] and lost with One pair : 3


Winamax Poker - Tournament "Kill The Fish" buyIn: 2,25€ + 2,25€ + 0,50€ level: 4 - HandId: #600923842344386570-27-1450708928 - Holdem no limit (150/300) - 2015/12/21 14:42:08 UTC
Table: 'Kill The Fish(139913485)#009' 8-max (real money) Seat #2 is the button
Seat 1: Genburgh-24 (10000)
Seat 2: tipokpok (11939)
Seat 3: Supras_ (13911)
Seat 4: ShArKcHiPs (31579)
Seat 5: allstaars (12478)
Seat 6: PS3u6D09Nlm3 (17668)
Seat 7: manggy94 (6345)
Seat 8: ROBINSON 14 (6080)
*** ANTE/BLINDS ***
Supras_ posts small blind 150
ShArKcHiPs posts big blind 300
Dealt to manggy94 [9d 9c]
*** PRE-FLOP *** 
allstaars folds
PS3u6D09Nlm3 raises 300 to 600
manggy94 raises 5745 to 6345 and is all-in
ROBINSON 14 folds
Genburgh-24 folds
tipokpok folds
Supras_ folds
ShArKcHiPs folds
PS3u6D09Nlm3 folds
manggy94 collected 7395 from pot
*** SUMMARY ***
Total pot 7395 | No rake
Seat 7: manggy94 won 7395


Winamax Poker - Tournament "Kill The Fish" buyIn: 2,25€ + 2,25€ + 0,50€ level: 4 - HandId: #600923842344386570-28-1450708994 - Holdem no limit (150/300) - 2015/12/21 14:43:14 UTC
Table: 'Kill The Fish(139913485)#009' 8-max (real money) Seat #3 is the button
Seat 1: Genburgh-24 (10000)
Seat 2: tipokpok (11939)
Seat 3: Supras_ (13761)
Seat 4: ShArKcHiPs (31279)
Seat 5: allstaars (12478)
Seat 6: PS3u6D09Nlm3 (17068)
Seat 7: manggy94 (7395)
Seat 8: ROBINSON 14 (6080)
*** ANTE/BLINDS ***
ShArKcHiPs posts small blind 150
allstaars posts big blind 300
Dealt to manggy94 [Ad Jd]
*** PRE-FLOP *** 
PS3u6D09Nlm3 folds
manggy94 raises 750 to 1050
ROBINSON 14 folds
Genburgh-24 folds
tipokpok folds
Supras_ folds
ShArKcHiPs calls 900
allstaars calls 750
*** FLOP *** [Kh Ts 4s]
ShArKcHiPs checks
allstaars checks
manggy94 bets 6345 and is all-in
ShArKcHiPs calls 6345
allstaars folds
*** TURN *** [Kh Ts 4s][6c]
*** RIVER *** [Kh Ts 4s 6c][Tc]
*** SHOW DOWN ***
manggy94 shows [Ad Jd] (One pair : Tens)
ShArKcHiPs shows [7s 6s] (Two pairs : Tens and 6)
ShArKcHiPs collected 15840 from pot
*** SUMMARY ***
Total pot 15840 | No rake
Board: [Kh Ts 4s 6c Tc]
Seat 4: ShArKcHiPs (small blind) showed [7s 6s] and won 15840 with Two pairs : Tens and 6
Seat 7: manggy94 showed [Ad Jd] and lost with One pair : Tens


