Winamax Poker - Tournament "Deepstack Hold'em" buyIn: 2,70€ + 0,30€ level: 3 - HandId: #569088415170035724-6-1444894090 - Holdem no limit (150/300) - 2015/10/15 07:28:10 UTC
Table: 'Deepstack Hold'em(132501222)#011' 9-max (real money) Seat #8 is the button
Seat 1: -Francky-btz (23800)
Seat 2: raffleur000 (19300)
Seat 3: Cool-AA-Kill (20000)
Seat 4: xeno-1417 (23250)
Seat 5: meldid84 (20300)
Seat 6: deug80 (19550)
Seat 7: manggy94 (20000)
Seat 8: grogneur 88 (19400)
*** ANTE/BLINDS ***
raffleur000 posts small blind 150
Cool-AA-Kill posts big blind 300
Dealt to manggy94 [2h 9h]
*** PRE-FLOP *** 
xeno-1417 folds
meldid84 folds
deug80 folds
manggy94 calls 300
grogneur 88 calls 300
raffleur000 calls 150
Cool-AA-Kill checks
*** FLOP *** [8d Ts 8h]
raffleur000 checks
Cool-AA-Kill bets 600
manggy94 folds
grogneur 88 folds
raffleur000 folds
Cool-AA-Kill collected 1800 from pot
*** SUMMARY ***
Total pot 1800 | No rake
Board: [8d Ts 8h]
Seat 3: Cool-AA-Kill (big blind) won 1800


Winamax Poker - Tournament "Deepstack Hold'em" buyIn: 2,70€ + 0,30€ level: 3 - HandId: #569088415170035724-7-1444894265 - Holdem no limit (150/300) - 2015/10/15 07:31:05 UTC
Table: 'Deepstack Hold'em(132501222)#011' 9-max (real money) Seat #2 is the button
Seat 1: -Francky-btz (23800)
Seat 2: raffleur000 (19000)
Seat 3: Cool-AA-Kill (20900)
Seat 4: xeno-1417 (23250)
Seat 5: meldid84 (20300)
Seat 6: deug80 (19550)
Seat 7: manggy94 (19700)
Seat 8: grogneur 88 (19100)
Seat 9: magwemes (20000)
*** ANTE/BLINDS ***
Cool-AA-Kill posts small blind 150
xeno-1417 posts big blind 300
Dealt to manggy94 [Ah 9c]
*** PRE-FLOP *** 
meldid84 folds
deug80 folds
manggy94 calls 300
grogneur 88 raises 300 to 600
magwemes folds
-Francky-btz calls 600
raffleur000 calls 600
Cool-AA-Kill folds
xeno-1417 calls 300
manggy94 calls 300
*** FLOP *** [5h 4d 9s]
xeno-1417 checks
manggy94 bets 3150
grogneur 88 folds
-Francky-btz folds
raffleur000 folds
xeno-1417 folds
manggy94 collected 6300 from pot
*** SUMMARY ***
Total pot 6300 | No rake
Board: [5h 4d 9s]
Seat 7: manggy94 won 6300


Winamax Poker - Tournament "Deepstack Hold'em" buyIn: 2,70€ + 0,30€ level: 4 - HandId: #569088415170035724-8-1444894353 - Holdem no limit (25/150/300) - 2015/10/15 07:32:33 UTC
Table: 'Deepstack Hold'em(132501222)#011' 9-max (real money) Seat #3 is the button
Seat 1: -Francky-btz (23200)
Seat 2: raffleur000 (18400)
Seat 3: Cool-AA-Kill (20750)
Seat 4: xeno-1417 (22650)
Seat 5: meldid84 (20300)
Seat 6: deug80 (19550)
Seat 7: manggy94 (22250)
Seat 8: grogneur 88 (18500)
Seat 9: magwemes (20000)
*** ANTE/BLINDS ***
xeno-1417 posts ante 25
meldid84 posts ante 25
-Francky-btz posts ante 25
raffleur000 posts ante 25
Cool-AA-Kill posts ante 25
deug80 posts ante 25
manggy94 posts ante 25
grogneur 88 posts ante 25
magwemes posts ante 25
xeno-1417 posts small blind 150
meldid84 posts big blind 300
Dealt to manggy94 [8c Td]
*** PRE-FLOP *** 
deug80 calls 300
manggy94 folds
grogneur 88 raises 600 to 900
magwemes folds
-Francky-btz folds
raffleur000 folds
Cool-AA-Kill folds
xeno-1417 folds
meldid84 folds
deug80 calls 600
*** FLOP *** [7s Kd 4d]
deug80 bets 1200
grogneur 88 raises 1200 to 2400
deug80 calls 1200
*** TURN *** [7s Kd 4d][Th]
deug80 checks
grogneur 88 bets 7500
deug80 calls 7500
*** RIVER *** [7s Kd 4d Th][Jc]
deug80 checks
grogneur 88 bets 7675 and is all-in
deug80 calls 7675
*** SHOW DOWN ***
deug80 shows [Qc Kc] (One pair : Kings)
grogneur 88 shows [Ac Ad] (One pair : Aces)
grogneur 88 collected 37625 from pot
*** SUMMARY ***
Total pot 37625 | No rake
Board: [7s Kd 4d Th Jc]
Seat 6: deug80 showed [Qc Kc] and lost with One pair : Kings
Seat 8: grogneur 88 showed [Ac Ad] and won 37625 with One pair : Aces


Winamax Poker - Tournament "Deepstack Hold'em" buyIn: 2,70€ + 0,30€ level: 4 - HandId: #569088415170035724-9-1444894418 - Holdem no limit (25/150/300) - 2015/10/15 07:33:38 UTC
Table: 'Deepstack Hold'em(132501222)#011' 9-max (real money) Seat #4 is the button
Seat 1: -Francky-btz (23175)
Seat 2: raffleur000 (18375)
Seat 3: Cool-AA-Kill (20725)
Seat 4: xeno-1417 (22475)
Seat 5: meldid84 (19975)
Seat 6: deug80 (1050)
Seat 7: manggy94 (22225)
Seat 8: grogneur 88 (37625)
Seat 9: magwemes (19975)
*** ANTE/BLINDS ***
meldid84 posts ante 25
deug80 posts ante 25
-Francky-btz posts ante 25
raffleur000 posts ante 25
Cool-AA-Kill posts ante 25
xeno-1417 posts ante 25
manggy94 posts ante 25
grogneur 88 posts ante 25
magwemes posts ante 25
meldid84 posts small blind 150
deug80 posts big blind 300
Dealt to manggy94 [Qh Qs]
*** PRE-FLOP *** 
manggy94 raises 975 to 1275
grogneur 88 folds
magwemes folds
-Francky-btz calls 1275
raffleur000 calls 1275
Cool-AA-Kill folds
xeno-1417 folds
meldid84 folds
deug80 calls 725 and is all-in
*** FLOP *** [7h 6h Ac]
manggy94 checks
-Francky-btz bets 3483
raffleur000 folds
manggy94 folds
*** TURN *** [7h 6h Ac][9c]
*** RIVER *** [7h 6h Ac 9c][Qd]
*** SHOW DOWN ***
deug80 shows [6d Kc] (One pair : 6)
-Francky-btz shows [8s As] (One pair : Aces)
-Francky-btz collected 8708 from pot
*** SUMMARY ***
Total pot 8708 | No rake
Board: [7h 6h Ac 9c Qd]
Seat 1: -Francky-btz showed [8s As] and won 8708 with One pair : Aces
Seat 6: deug80 (big blind) showed [6d Kc] and lost with One pair : 6


Winamax Poker - Tournament "Deepstack Hold'em" buyIn: 2,70€ + 0,30€ level: 4 - HandId: #569088415170035724-10-1444894496 - Holdem no limit (25/150/300) - 2015/10/15 07:34:56 UTC
Table: 'Deepstack Hold'em(132501222)#011' 9-max (real money) Seat #5 is the button
Seat 1: -Francky-btz (27100)
Seat 2: raffleur000 (17075)
Seat 3: Cool-AA-Kill (20700)
Seat 4: xeno-1417 (22450)
Seat 5: meldid84 (19800)
Seat 7: manggy94 (20925)
Seat 8: grogneur 88 (37600)
Seat 9: magwemes (19950)
*** ANTE/BLINDS ***
manggy94 posts ante 25
-Francky-btz posts ante 25
raffleur000 posts ante 25
Cool-AA-Kill posts ante 25
xeno-1417 posts ante 25
meldid84 posts ante 25
grogneur 88 posts ante 25
magwemes posts ante 25
manggy94 posts big blind 300
Dealt to manggy94 [3s 5d]
*** PRE-FLOP *** 
grogneur 88 folds
magwemes folds
-Francky-btz calls 300
raffleur000 calls 300
Cool-AA-Kill raises 450 to 750
xeno-1417 folds
meldid84 folds
manggy94 folds
-Francky-btz calls 450
raffleur000 folds
*** FLOP *** [5s Ts Jd]
-Francky-btz checks
Cool-AA-Kill bets 1725
-Francky-btz folds
Cool-AA-Kill collected 4025 from pot
*** SUMMARY ***
Total pot 4025 | No rake
Board: [5s Ts Jd]
Seat 3: Cool-AA-Kill won 4025


Winamax Poker - Tournament "Deepstack Hold'em" buyIn: 2,70€ + 0,30€ level: 4 - HandId: #569088415170035724-11-1444894558 - Holdem no limit (25/150/300) - 2015/10/15 07:35:58 UTC
Table: 'Deepstack Hold'em(132501222)#011' 9-max (real money) Seat #6 is the button
Seat 1: -Francky-btz (26325)
Seat 2: raffleur000 (16750)
Seat 3: Cool-AA-Kill (22225)
Seat 4: xeno-1417 (22425)
Seat 5: meldid84 (19775)
Seat 7: manggy94 (20600)
Seat 8: grogneur 88 (37575)
Seat 9: magwemes (19925)
*** ANTE/BLINDS ***
manggy94 posts ante 25
grogneur 88 posts ante 25
-Francky-btz posts ante 25
raffleur000 posts ante 25
Cool-AA-Kill posts ante 25
xeno-1417 posts ante 25
meldid84 posts ante 25
magwemes posts ante 25
manggy94 posts small blind 150
grogneur 88 posts big blind 300
Dealt to manggy94 [Qh Qs]
*** PRE-FLOP *** 
magwemes folds
-Francky-btz folds
raffleur000 calls 300
Cool-AA-Kill folds
xeno-1417 folds
meldid84 calls 300
manggy94 raises 20275 to 20575 and is all-in
grogneur 88 folds
raffleur000 calls 16425 and is all-in
meldid84 folds
*** FLOP *** [Td 2h Jc]
*** TURN *** [Td 2h Jc][9h]
*** RIVER *** [Td 2h Jc 9h][4s]
*** SHOW DOWN ***
raffleur000 shows [Ks Qd] (Straight King high)
manggy94 shows [Qh Qs] (One pair : Queens)
manggy94 collected 3850 from side pot 1
raffleur000 collected 34250 from main pot
*** SUMMARY ***
Total pot 38100 | No rake
Board: [Td 2h Jc 9h 4s]
Seat 2: raffleur000 showed [Ks Qd] and won 34250 with Straight King high
Seat 7: manggy94 (small blind) showed [Qh Qs] and won 3850 with One pair : Queens


Winamax Poker - Tournament "Deepstack Hold'em" buyIn: 2,70€ + 0,30€ level: 4 - HandId: #569088415170035724-12-1444894614 - Holdem no limit (25/150/300) - 2015/10/15 07:36:54 UTC
Table: 'Deepstack Hold'em(132501222)#011' 9-max (real money) Seat #7 is the button
Seat 1: -Francky-btz (26300)
Seat 2: raffleur000 (34250)
Seat 3: Cool-AA-Kill (22200)
Seat 4: xeno-1417 (22400)
Seat 5: meldid84 (19450)
Seat 7: manggy94 (3850)
Seat 8: grogneur 88 (37250)
Seat 9: magwemes (19900)
*** ANTE/BLINDS ***
grogneur 88 posts ante 25
magwemes posts ante 25
-Francky-btz posts ante 25
raffleur000 posts ante 25
Cool-AA-Kill posts ante 25
xeno-1417 posts ante 25
meldid84 posts ante 25
manggy94 posts ante 25
grogneur 88 posts small blind 150
magwemes posts big blind 300
Dealt to manggy94 [6c 4h]
*** PRE-FLOP *** 
-Francky-btz raises 950 to 1250
raffleur000 folds
Cool-AA-Kill calls 1250
xeno-1417 folds
meldid84 folds
manggy94 folds
grogneur 88 folds
magwemes folds
*** FLOP *** [3h 8s 5c]
-Francky-btz bets 3150
Cool-AA-Kill folds
-Francky-btz collected 6300 from pot
*** SUMMARY ***
Total pot 6300 | No rake
Board: [3h 8s 5c]
Seat 1: -Francky-btz won 6300


Winamax Poker - Tournament "Deepstack Hold'em" buyIn: 2,70€ + 0,30€ level: 4 - HandId: #569088415170035724-13-1444894672 - Holdem no limit (25/150/300) - 2015/10/15 07:37:52 UTC
Table: 'Deepstack Hold'em(132501222)#011' 9-max (real money) Seat #8 is the button
Seat 1: -Francky-btz (28175)
Seat 2: raffleur000 (34225)
Seat 3: Cool-AA-Kill (20925)
Seat 4: xeno-1417 (22375)
Seat 5: meldid84 (19425)
Seat 6: El-Sharko-7 (20000)
Seat 7: manggy94 (3825)
Seat 8: grogneur 88 (37075)
Seat 9: magwemes (19575)
*** ANTE/BLINDS ***
magwemes posts ante 25
-Francky-btz posts ante 25
raffleur000 posts ante 25
Cool-AA-Kill posts ante 25
xeno-1417 posts ante 25
meldid84 posts ante 25
El-Sharko-7 posts ante 25
manggy94 posts ante 25
grogneur 88 posts ante 25
magwemes posts small blind 150
-Francky-btz posts big blind 300
Dealt to manggy94 [6s 6d]
*** PRE-FLOP *** 
raffleur000 folds
Cool-AA-Kill folds
xeno-1417 folds
meldid84 calls 300
El-Sharko-7 folds
manggy94 calls 300
grogneur 88 calls 300
magwemes raises 1950 to 2250
-Francky-btz folds
meldid84 calls 1950
manggy94 calls 1950
grogneur 88 folds
*** FLOP *** [4h 3h Qd]
magwemes bets 17300 and is all-in
meldid84 calls 17150 and is all-in
manggy94 calls 1550 and is all-in
*** TURN *** [4h 3h Qd][4c]
*** RIVER *** [4h 3h Qd 4c][Ah]
*** SHOW DOWN ***
meldid84 shows [Td Th] (Two pairs : Tens and 4)
manggy94 shows [6s 6d] (Two pairs : 6 and 4)
magwemes shows [Ac Ad] (Full of Aces and 4)
magwemes collected 43575 from pot
*** SUMMARY ***
Total pot 43575 | No rake
Board: [4h 3h Qd 4c Ah]
Seat 5: meldid84 showed [Td Th] and lost with Two pairs : Tens and 4
Seat 7: manggy94 showed [6s 6d] and lost with Two pairs : 6 and 4
Seat 9: magwemes (small blind) showed [Ac Ad] and won 43575 with Full of Aces and 4


