Winamax Poker - Tournament "KILL THE FISH" buyIn: 7€ + 3€ level: 0 - HandId: #562445857404747777-4-1443604675 - Holdem no limit (25/50) - 2015/09/30 09:17:55 UTC
Table: 'KILL THE FISH(130954631)#000' 9-max (real money) Seat #5 is the button
Seat 1: manggy94 (10000)
Seat 2: 0nTheWay (9975)
Seat 3: MarrkoG (10000)
Seat 4: EspoirPecher (9925)
Seat 5: Namboz (9900)
Seat 6: lugui0777 (10275)
Seat 7: pukasimpi (10000)
Seat 8: Hach13000 (9217)
Seat 9: doneUTS (10708)
*** ANTE/BLINDS ***
lugui0777 posts small blind 25
pukasimpi posts big blind 50
Dealt to manggy94 [5h 7s]
*** PRE-FLOP *** 
Hach13000 raises 175 to 225
doneUTS calls 225
manggy94 folds
0nTheWay folds
MarrkoG folds
EspoirPecher folds
Namboz calls 225
lugui0777 folds
pukasimpi folds
*** FLOP *** [4c 7c 9d]
Hach13000 bets 500
doneUTS calls 500
Namboz folds
*** TURN *** [4c 7c 9d][7h]
Hach13000 bets 500
doneUTS calls 500
*** RIVER *** [4c 7c 9d 7h][As]
Hach13000 bets 1200
doneUTS calls 1200
*** SHOW DOWN ***
Hach13000 shows [Qd Qc] (Two pairs : Queens and 7)
doneUTS shows [Jc Ah] (Two pairs : Aces and 7)
doneUTS collected 5150 from pot
*** SUMMARY ***
Total pot 5150 | No rake
Board: [4c 7c 9d 7h As]
Seat 8: Hach13000 showed [Qd Qc] and lost with Two pairs : Queens and 7
Seat 9: doneUTS showed [Jc Ah] and won 5150 with Two pairs : Aces and 7


Winamax Poker - Tournament "KILL THE FISH" buyIn: 7€ + 3€ level: 0 - HandId: #562445857404747779-5-1443604766 - Holdem no limit (25/50) - 2015/09/30 09:19:26 UTC
Table: 'KILL THE FISH(130954631)#002' 9-max (real money) Seat #7 is the button
Seat 1: dct jovan (10773)
Seat 2: bobone4 (20100)
Seat 3: TOTSSS (11767)
Seat 4: Smack67 (9800)
Seat 5: TheLuckyCat (9925)
Seat 6: MonkeyRush (590)
Seat 7: manggy94 (10000)
*** ANTE/BLINDS ***
dct jovan posts big blind 50
*** PRE-FLOP *** 
bobone4 folds
TOTSSS folds
Smack67 raises 9750 to 9800 and is all-in
TheLuckyCat folds
MonkeyRush folds
dct jovan folds
Smack67 collected 9850 from pot
*** SUMMARY ***
Total pot 9850 | No rake
Seat 4: Smack67 won 9850


Winamax Poker - Tournament "KILL THE FISH" buyIn: 7€ + 3€ level: 0 - HandId: #562445857404747779-6-1443604783 - Holdem no limit (25/50) - 2015/09/30 09:19:43 UTC
Table: 'KILL THE FISH(130954631)#002' 9-max (real money) Seat #9 is the button
Seat 1: dct jovan (10723)
Seat 2: bobone4 (20100)
Seat 3: TOTSSS (11767)
Seat 4: Smack67 (9850)
Seat 5: TheLuckyCat (9925)
Seat 6: MonkeyRush (590)
Seat 7: manggy94 (10000)
*** ANTE/BLINDS ***
dct jovan posts small blind 25
bobone4 posts big blind 50
*** PRE-FLOP *** 
TOTSSS folds
Smack67 calls 50
TheLuckyCat raises 101 to 151
MonkeyRush folds
dct jovan folds
bobone4 folds
Smack67 calls 101
*** FLOP *** [6h Kh Ad]
Smack67 checks
TheLuckyCat bets 189
Smack67 folds
TheLuckyCat collected 566 from pot
*** SUMMARY ***
Total pot 566 | No rake
Board: [6h Kh Ad]
Seat 5: TheLuckyCat won 566


Winamax Poker - Tournament "KILL THE FISH" buyIn: 7€ + 3€ level: 0 - HandId: #562445857404747779-7-1443604812 - Holdem no limit (25/50) - 2015/09/30 09:20:12 UTC
Table: 'KILL THE FISH(130954631)#002' 9-max (real money) Seat #1 is the button
Seat 1: dct jovan (10698)
Seat 2: bobone4 (20050)
Seat 3: TOTSSS (11767)
Seat 4: Smack67 (9699)
Seat 5: TheLuckyCat (10151)
Seat 6: MonkeyRush (590)
Seat 7: manggy94 (10000)
*** ANTE/BLINDS ***
bobone4 posts small blind 25
TOTSSS posts big blind 50
Dealt to manggy94 [Ts 7h]
*** PRE-FLOP *** 
Smack67 folds
TheLuckyCat folds
MonkeyRush raises 540 to 590 and is all-in
manggy94 folds
dct jovan folds
bobone4 raises 19460 to 20050 and is all-in
TOTSSS folds
*** FLOP *** [Ad Tc 2c]
*** TURN *** [Ad Tc 2c][Kc]
*** RIVER *** [Ad Tc 2c Kc][2h]
*** SHOW DOWN ***
MonkeyRush shows [As 3s] (Two pairs : Aces and 2)
bobone4 shows [Qc Kh] (Two pairs : Kings and 2)
bobone4 collected 19460 from side pot 1
MonkeyRush collected 1230 from main pot
*** SUMMARY ***
Total pot 20690 | No rake
Board: [Ad Tc 2c Kc 2h]
Seat 2: bobone4 (small blind) showed [Qc Kh] and won 19460 with Two pairs : Kings and 2
Seat 6: MonkeyRush showed [As 3s] and won 1230 with Two pairs : Aces and 2


Winamax Poker - Tournament "KILL THE FISH" buyIn: 7€ + 3€ level: 0 - HandId: #562445857404747779-8-1443604845 - Holdem no limit (25/50) - 2015/09/30 09:20:45 UTC
Table: 'KILL THE FISH(130954631)#002' 9-max (real money) Seat #2 is the button
Seat 1: dct jovan (10698)
Seat 2: bobone4 (19460)
Seat 3: TOTSSS (11717)
Seat 4: Smack67 (9699)
Seat 5: TheLuckyCat (10151)
Seat 6: MonkeyRush (1230)
Seat 7: manggy94 (10000)
*** ANTE/BLINDS ***
TOTSSS posts small blind 25
Smack67 posts big blind 50
Dealt to manggy94 [3h 3d]
*** PRE-FLOP *** 
TheLuckyCat folds
MonkeyRush folds
manggy94 calls 50
dct jovan calls 50
bobone4 raises 19410 to 19460 and is all-in
TOTSSS folds
Smack67 folds
manggy94 folds
dct jovan folds
bobone4 collected 19635 from pot
*** SUMMARY ***
Total pot 19635 | No rake
Seat 2: bobone4 (button) won 19635


Winamax Poker - Tournament "KILL THE FISH" buyIn: 7€ + 3€ level: 1 - HandId: #562445857404747779-9-1443604879 - Holdem no limit (50/100) - 2015/09/30 09:21:19 UTC
Table: 'KILL THE FISH(130954631)#002' 9-max (real money) Seat #3 is the button
Seat 1: dct jovan (10648)
Seat 2: bobone4 (19635)
Seat 3: TOTSSS (11692)
Seat 4: Smack67 (9649)
Seat 5: TheLuckyCat (10151)
Seat 6: MonkeyRush (1230)
Seat 7: manggy94 (9950)
*** ANTE/BLINDS ***
Smack67 posts small blind 50
TheLuckyCat posts big blind 100
Dealt to manggy94 [2d 8c]
*** PRE-FLOP *** 
MonkeyRush folds
manggy94 folds
dct jovan folds
bobone4 folds
TOTSSS folds
Smack67 folds
TheLuckyCat collected 150 from pot
*** SUMMARY ***
Total pot 150 | No rake
Seat 5: TheLuckyCat (big blind) won 150


Winamax Poker - Tournament "KILL THE FISH" buyIn: 7€ + 3€ level: 1 - HandId: #562445857404747779-10-1443604893 - Holdem no limit (50/100) - 2015/09/30 09:21:33 UTC
Table: 'KILL THE FISH(130954631)#002' 9-max (real money) Seat #4 is the button
Seat 1: dct jovan (10648)
Seat 2: bobone4 (19635)
Seat 3: TOTSSS (11692)
Seat 4: Smack67 (9599)
Seat 5: TheLuckyCat (10201)
Seat 6: MonkeyRush (1230)
Seat 7: manggy94 (9950)
*** ANTE/BLINDS ***
TheLuckyCat posts small blind 50
MonkeyRush posts big blind 100
Dealt to manggy94 [4d Th]
*** PRE-FLOP *** 
manggy94 folds
dct jovan raises 200 to 300
bobone4 folds
TOTSSS folds
Smack67 raises 9299 to 9599 and is all-in
TheLuckyCat folds
MonkeyRush folds
dct jovan calls 9299
*** FLOP *** [9h Ad 5d]
*** TURN *** [9h Ad 5d][Jd]
*** RIVER *** [9h Ad 5d Jd][7s]
*** SHOW DOWN ***
Smack67 shows [3d 3c] (One pair : 3)
dct jovan shows [Qc Jh] (One pair : Jacks)
dct jovan collected 19348 from pot
*** SUMMARY ***
Total pot 19348 | No rake
Board: [9h Ad 5d Jd 7s]
Seat 1: dct jovan showed [Qc Jh] and won 19348 with One pair : Jacks
Seat 4: Smack67 (button) showed [3d 3c] and lost with One pair : 3


Winamax Poker - Tournament "KILL THE FISH" buyIn: 7€ + 3€ level: 1 - HandId: #562445857404747779-11-1443604941 - Holdem no limit (50/100) - 2015/09/30 09:22:21 UTC
Table: 'KILL THE FISH(130954631)#002' 9-max (real money) Seat #5 is the button
Seat 1: dct jovan (20397)
Seat 2: bobone4 (19635)
Seat 3: TOTSSS (11692)
Seat 5: TheLuckyCat (10151)
Seat 6: MonkeyRush (1130)
Seat 7: manggy94 (9950)
Seat 8: zebird (10000)
*** ANTE/BLINDS ***
MonkeyRush posts small blind 50
manggy94 posts big blind 100
Dealt to manggy94 [Ac 3h]
*** PRE-FLOP *** 
zebird calls 100
dct jovan folds
bobone4 folds
TOTSSS folds
TheLuckyCat folds
MonkeyRush calls 50
manggy94 checks
*** FLOP *** [9c 5h Jd]
MonkeyRush checks
manggy94 checks
zebird checks
*** TURN *** [9c 5h Jd][Jc]
MonkeyRush bets 100
manggy94 folds
zebird calls 100
*** RIVER *** [9c 5h Jd Jc][2h]
MonkeyRush checks
zebird checks
*** SHOW DOWN ***
zebird shows [Ad Qh] (One pair : Jacks)
MonkeyRush shows [5d 9d] (Two pairs : Jacks and 9)
MonkeyRush collected 500 from pot
*** SUMMARY ***
Total pot 500 | No rake
Board: [9c 5h Jd Jc 2h]
Seat 6: MonkeyRush (small blind) showed [5d 9d] and won 500 with Two pairs : Jacks and 9
Seat 8: zebird showed [Ad Qh] and lost with One pair : Jacks


Winamax Poker - Tournament "KILL THE FISH" buyIn: 7€ + 3€ level: 1 - HandId: #562445857404747779-12-1443604990 - Holdem no limit (50/100) - 2015/09/30 09:23:10 UTC
Table: 'KILL THE FISH(130954631)#002' 9-max (real money) Seat #6 is the button
Seat 1: dct jovan (20397)
Seat 2: bobone4 (19635)
Seat 3: TOTSSS (11692)
Seat 4: malcata91 (10000)
Seat 5: TheLuckyCat (10151)
Seat 6: MonkeyRush (1430)
Seat 7: manggy94 (9850)
Seat 8: zebird (9800)
*** ANTE/BLINDS ***
manggy94 posts small blind 50
zebird posts big blind 100
Dealt to manggy94 [Td Qd]
*** PRE-FLOP *** 
dct jovan raises 200 to 300
bobone4 folds
TOTSSS folds
malcata91 calls 300
TheLuckyCat folds
MonkeyRush folds
manggy94 raises 1000 to 1300
zebird folds
dct jovan calls 1000
malcata91 calls 1000
*** FLOP *** [Kd Th 8d]
manggy94 checks
dct jovan bets 2000
malcata91 folds
manggy94 calls 2000
*** TURN *** [Kd Th 8d][5c]
manggy94 checks
dct jovan bets 8000
manggy94 folds
dct jovan collected 16000 from pot
*** SUMMARY ***
Total pot 16000 | No rake
Board: [Kd Th 8d 5c]
Seat 1: dct jovan won 16000


Winamax Poker - Tournament "KILL THE FISH" buyIn: 7€ + 3€ level: 1 - HandId: #562445857404747779-13-1443605083 - Holdem no limit (50/100) - 2015/09/30 09:24:43 UTC
Table: 'KILL THE FISH(130954631)#002' 9-max (real money) Seat #7 is the button
Seat 1: dct jovan (25097)
Seat 2: bobone4 (19635)
Seat 3: TOTSSS (11692)
Seat 4: malcata91 (8700)
Seat 5: TheLuckyCat (10151)
Seat 6: MonkeyRush (1430)
Seat 7: manggy94 (6550)
Seat 8: zebird (9700)
Seat 9: -landscaper- (10000)
*** ANTE/BLINDS ***
zebird posts small blind 50
-landscaper- posts big blind 100
Dealt to manggy94 [Jc 9h]
*** PRE-FLOP *** 
dct jovan folds
bobone4 folds
TOTSSS folds
malcata91 folds
TheLuckyCat folds
MonkeyRush folds
manggy94 calls 100
zebird folds
-landscaper- raises 200 to 300
manggy94 calls 200
*** FLOP *** [9c Qs Ac]
-landscaper- bets 325
manggy94 calls 325
*** TURN *** [9c Qs Ac][9d]
-landscaper- checks
manggy94 bets 1300
-landscaper- folds
manggy94 collected 2600 from pot
*** SUMMARY ***
Total pot 2600 | No rake
Board: [9c Qs Ac 9d]
Seat 7: manggy94 (button) won 2600


Winamax Poker - Tournament "KILL THE FISH" buyIn: 7€ + 3€ level: 1 - HandId: #562445857404747779-14-1443605123 - Holdem no limit (50/100) - 2015/09/30 09:25:23 UTC
Table: 'KILL THE FISH(130954631)#002' 9-max (real money) Seat #8 is the button
Seat 1: dct jovan (25097)
Seat 2: bobone4 (19635)
Seat 3: TOTSSS (11692)
Seat 4: malcata91 (8700)
Seat 5: TheLuckyCat (10151)
Seat 6: MonkeyRush (1430)
Seat 7: manggy94 (7225)
Seat 8: zebird (9650)
Seat 9: -landscaper- (9375)
*** ANTE/BLINDS ***
-landscaper- posts small blind 50
dct jovan posts big blind 100
Dealt to manggy94 [4c Tc]
*** PRE-FLOP *** 
bobone4 folds
TOTSSS folds
malcata91 calls 100
TheLuckyCat folds
MonkeyRush folds
manggy94 folds
zebird calls 100
-landscaper- calls 50
dct jovan checks
*** FLOP *** [Ac Jd 8c]
-landscaper- bets 200
dct jovan folds
malcata91 folds
zebird folds
-landscaper- collected 600 from pot
*** SUMMARY ***
Total pot 600 | No rake
Board: [Ac Jd 8c]
Seat 9: -landscaper- (small blind) won 600


Winamax Poker - Tournament "KILL THE FISH" buyIn: 7€ + 3€ level: 1 - HandId: #562445857404747779-15-1443605190 - Holdem no limit (50/100) - 2015/09/30 09:26:30 UTC
Table: 'KILL THE FISH(130954631)#002' 9-max (real money) Seat #9 is the button
Seat 1: dct jovan (24997)
Seat 2: bobone4 (19635)
Seat 3: TOTSSS (11692)
Seat 5: TheLuckyCat (10151)
Seat 6: MonkeyRush (1430)
Seat 7: manggy94 (7225)
Seat 8: zebird (9550)
*** ANTE/BLINDS ***
dct jovan posts small blind 50
bobone4 posts big blind 100
Dealt to manggy94 [5s 9s]
*** PRE-FLOP *** 
TOTSSS folds
TheLuckyCat raises 100 to 200
MonkeyRush folds
manggy94 folds
zebird calls 200
dct jovan calls 150
bobone4 folds
*** FLOP *** [2c 4h 3c]
dct jovan bets 350
TheLuckyCat folds
zebird calls 350
*** TURN *** [2c 4h 3c][2d]
dct jovan bets 700
zebird calls 700
*** RIVER *** [2c 4h 3c 2d][4d]
dct jovan bets 8300
zebird folds
dct jovan collected 11100 from pot
*** SUMMARY ***
Total pot 11100 | No rake
Board: [2c 4h 3c 2d 4d]
Seat 1: dct jovan (small blind) won 11100


Winamax Poker - Tournament "KILL THE FISH" buyIn: 7€ + 3€ level: 2 - HandId: #562445857404747779-16-1443605252 - Holdem no limit (75/150) - 2015/09/30 09:27:32 UTC
Table: 'KILL THE FISH(130954631)#002' 9-max (real money) Seat #1 is the button
Seat 1: dct jovan (26547)
Seat 2: bobone4 (19535)
Seat 3: TOTSSS (11692)
Seat 4: pukasimpi (11400)
Seat 5: TheLuckyCat (9951)
Seat 6: MonkeyRush (1430)
Seat 7: manggy94 (7225)
Seat 8: zebird (8300)
*** ANTE/BLINDS ***
bobone4 posts small blind 75
TOTSSS posts big blind 150
Dealt to manggy94 [Td 8c]
*** PRE-FLOP *** 
pukasimpi folds
TheLuckyCat folds
MonkeyRush folds
manggy94 folds
zebird calls 150
dct jovan raises 300 to 450
bobone4 folds
TOTSSS folds
zebird calls 300
*** FLOP *** [8s Ad 4c]
zebird bets 150
dct jovan raises 675 to 825
zebird calls 675
*** TURN *** [8s Ad 4c][3h]
zebird bets 2775
dct jovan raises 22497 to 25272 and is all-in
zebird folds
dct jovan collected 30822 from pot
*** SUMMARY ***
Total pot 30822 | No rake
Board: [8s Ad 4c 3h]
Seat 1: dct jovan (button) won 30822


Winamax Poker - Tournament "KILL THE FISH" buyIn: 7€ + 3€ level: 2 - HandId: #562445857404747779-17-1443605344 - Holdem no limit (75/150) - 2015/09/30 09:29:04 UTC
Table: 'KILL THE FISH(130954631)#002' 9-max (real money) Seat #2 is the button
Seat 1: dct jovan (30822)
Seat 2: bobone4 (19460)
Seat 3: TOTSSS (11542)
Seat 4: pukasimpi (11400)
Seat 5: TheLuckyCat (9951)
Seat 6: MonkeyRush (1430)
Seat 7: manggy94 (7225)
Seat 8: zebird (4250)
Seat 9: 2toon91 (10000)
*** ANTE/BLINDS ***
TOTSSS posts small blind 75
pukasimpi posts big blind 150
Dealt to manggy94 [3d 4s]
*** PRE-FLOP *** 
TheLuckyCat folds
MonkeyRush folds
manggy94 folds
zebird folds
2toon91 calls 150
dct jovan raises 30672 to 30822 and is all-in
bobone4 folds
TOTSSS folds
pukasimpi folds
2toon91 folds
dct jovan collected 31197 from pot
*** SUMMARY ***
Total pot 31197 | No rake
Seat 1: dct jovan won 31197


Winamax Poker - Tournament "KILL THE FISH" buyIn: 7€ + 3€ level: 2 - HandId: #562445857404747779-18-1443605373 - Holdem no limit (75/150) - 2015/09/30 09:29:33 UTC
Table: 'KILL THE FISH(130954631)#002' 9-max (real money) Seat #3 is the button
Seat 1: dct jovan (31197)
Seat 2: bobone4 (19460)
Seat 3: TOTSSS (11467)
Seat 4: pukasimpi (11250)
Seat 5: TheLuckyCat (9951)
Seat 6: MonkeyRush (1430)
Seat 7: manggy94 (7225)
Seat 8: zebird (4250)
Seat 9: 2toon91 (9850)
*** ANTE/BLINDS ***
pukasimpi posts small blind 75
TheLuckyCat posts big blind 150
Dealt to manggy94 [Th 4s]
*** PRE-FLOP *** 
MonkeyRush folds
manggy94 folds
zebird folds
2toon91 folds
dct jovan raises 150 to 300
bobone4 calls 300
TOTSSS folds
pukasimpi folds
TheLuckyCat calls 150
*** FLOP *** [3h 3c 9d]
TheLuckyCat checks
dct jovan checks
bobone4 checks
*** TURN *** [3h 3c 9d][Kc]
TheLuckyCat checks
dct jovan checks
bobone4 bets 150
TheLuckyCat calls 150
dct jovan folds
*** RIVER *** [3h 3c 9d Kc][3s]
TheLuckyCat checks
bobone4 bets 850
TheLuckyCat folds
bobone4 collected 2125 from pot
*** SUMMARY ***
Total pot 2125 | No rake
Board: [3h 3c 9d Kc 3s]
Seat 2: bobone4 won 2125


Winamax Poker - Tournament "KILL THE FISH" buyIn: 7€ + 3€ level: 2 - HandId: #562445857404747779-19-1443605454 - Holdem no limit (75/150) - 2015/09/30 09:30:54 UTC
Table: 'KILL THE FISH(130954631)#002' 9-max (real money) Seat #4 is the button
Seat 1: dct jovan (30897)
Seat 2: bobone4 (20285)
Seat 3: TOTSSS (11467)
Seat 4: pukasimpi (11175)
Seat 5: TheLuckyCat (9501)
Seat 6: MonkeyRush (1430)
Seat 7: manggy94 (7225)
Seat 8: zebird (4250)
*** ANTE/BLINDS ***
TheLuckyCat posts small blind 75
MonkeyRush posts big blind 150
Dealt to manggy94 [6d 8d]
*** PRE-FLOP *** 
manggy94 calls 150
zebird folds
dct jovan calls 150
bobone4 calls 150
TOTSSS folds
pukasimpi calls 150
TheLuckyCat folds
MonkeyRush checks
*** FLOP *** [6h 3s Kd]
MonkeyRush checks
manggy94 checks
dct jovan checks
bobone4 checks
pukasimpi bets 413
MonkeyRush folds
manggy94 folds
dct jovan folds
bobone4 folds
pukasimpi collected 1238 from pot
*** SUMMARY ***
Total pot 1238 | No rake
Board: [6h 3s Kd]
Seat 4: pukasimpi (button) won 1238


Winamax Poker - Tournament "KILL THE FISH" buyIn: 7€ + 3€ level: 2 - HandId: #562445857404747779-20-1443605516 - Holdem no limit (75/150) - 2015/09/30 09:31:56 UTC
Table: 'KILL THE FISH(130954631)#002' 9-max (real money) Seat #5 is the button
Seat 1: dct jovan (30747)
Seat 2: bobone4 (20135)
Seat 3: TOTSSS (11467)
Seat 4: pukasimpi (11850)
Seat 5: TheLuckyCat (9426)
Seat 6: MonkeyRush (1280)
Seat 7: manggy94 (7075)
Seat 8: zebird (4250)
Seat 9: lugui0777 (5723)
*** ANTE/BLINDS ***
MonkeyRush posts small blind 75
manggy94 posts big blind 150
Dealt to manggy94 [4c Ad]
*** PRE-FLOP *** 
zebird calls 150
lugui0777 folds
dct jovan folds
bobone4 folds
TOTSSS raises 300 to 450
pukasimpi calls 450
TheLuckyCat calls 450
MonkeyRush raises 830 to 1280 and is all-in
manggy94 folds
zebird folds
TOTSSS folds
pukasimpi calls 830
TheLuckyCat raises 8146 to 9426 and is all-in
pukasimpi folds
*** FLOP *** [9h Ts 9c]
*** TURN *** [9h Ts 9c][Kh]
*** RIVER *** [9h Ts 9c Kh][6c]
*** SHOW DOWN ***
MonkeyRush shows [Qh Ah] (One pair : 9)
TheLuckyCat shows [Qs As] (One pair : 9)
TheLuckyCat collected 10441 from side pot 1
MonkeyRush collected 2295 from main pot
*** SUMMARY ***
Total pot 12736 | No rake
Board: [9h Ts 9c Kh 6c]
Seat 5: TheLuckyCat (button) showed [Qs As] and won 10441 with One pair : 9
Seat 6: MonkeyRush (small blind) showed [Qh Ah] and won 2295 with One pair : 9


Winamax Poker - Tournament "KILL THE FISH" buyIn: 7€ + 3€ level: 3 - HandId: #562445857404747779-21-1443605584 - Holdem no limit (100/200) - 2015/09/30 09:33:04 UTC
Table: 'KILL THE FISH(130954631)#002' 9-max (real money) Seat #6 is the button
Seat 1: dct jovan (30747)
Seat 2: bobone4 (20135)
Seat 3: TOTSSS (11017)
Seat 4: pukasimpi (10570)
Seat 5: TheLuckyCat (10441)
Seat 6: MonkeyRush (2295)
Seat 7: manggy94 (6925)
Seat 9: lugui0777 (5723)
*** ANTE/BLINDS ***
manggy94 posts small blind 100
lugui0777 posts big blind 200
Dealt to manggy94 [2d Qs]
*** PRE-FLOP *** 
dct jovan folds
bobone4 folds
TOTSSS folds
pukasimpi folds
TheLuckyCat folds
MonkeyRush raises 2095 to 2295 and is all-in
manggy94 folds
lugui0777 folds
MonkeyRush collected 2595 from pot
*** SUMMARY ***
Total pot 2595 | No rake
Seat 6: MonkeyRush (button) won 2595


Winamax Poker - Tournament "KILL THE FISH" buyIn: 7€ + 3€ level: 3 - HandId: #562445857404747779-22-1443605625 - Holdem no limit (100/200) - 2015/09/30 09:33:45 UTC
Table: 'KILL THE FISH(130954631)#002' 9-max (real money) Seat #7 is the button
Seat 1: dct jovan (30747)
Seat 2: bobone4 (20135)
Seat 3: TOTSSS (11017)
Seat 4: pukasimpi (10570)
Seat 5: TheLuckyCat (10441)
Seat 6: MonkeyRush (2595)
Seat 7: manggy94 (6825)
Seat 9: lugui0777 (5523)
*** ANTE/BLINDS ***
lugui0777 posts small blind 100
dct jovan posts big blind 200
Dealt to manggy94 [5h 6s]
*** PRE-FLOP *** 
bobone4 calls 200
TOTSSS folds
pukasimpi folds
TheLuckyCat folds
MonkeyRush raises 2395 to 2595 and is all-in
manggy94 folds
lugui0777 folds
dct jovan calls 2395
bobone4 calls 2395
*** FLOP *** [Jd 6h 7h]
dct jovan bets 4000
bobone4 folds
*** TURN *** [Jd 6h 7h][3h]
*** RIVER *** [Jd 6h 7h 3h][8h]
*** SHOW DOWN ***
MonkeyRush shows [Js Jc] (Trips of Jacks)
dct jovan shows [2s 2d] (One pair : 2)
dct jovan collected 4000 from side pot 1
MonkeyRush collected 7885 from main pot
*** SUMMARY ***
Total pot 11885 | No rake
Board: [Jd 6h 7h 3h 8h]
Seat 1: dct jovan (big blind) showed [2s 2d] and won 4000 with One pair : 2
Seat 6: MonkeyRush showed [Js Jc] and won 7885 with Trips of Jacks


Winamax Poker - Tournament "KILL THE FISH" buyIn: 7€ + 3€ level: 3 - HandId: #562445857404747779-23-1443605695 - Holdem no limit (100/200) - 2015/09/30 09:34:55 UTC
Table: 'KILL THE FISH(130954631)#002' 9-max (real money) Seat #9 is the button
Seat 1: dct jovan (28152)
Seat 2: bobone4 (17540)
Seat 3: TOTSSS (11017)
Seat 4: pukasimpi (10570)
Seat 5: TheLuckyCat (10441)
Seat 6: MonkeyRush (7885)
Seat 7: manggy94 (6825)
Seat 9: lugui0777 (5423)
*** ANTE/BLINDS ***
dct jovan posts small blind 100
bobone4 posts big blind 200
Dealt to manggy94 [Jd 5d]
*** PRE-FLOP *** 
TOTSSS folds
pukasimpi folds
TheLuckyCat folds
MonkeyRush folds
manggy94 calls 200
lugui0777 calls 200
dct jovan folds
bobone4 checks
*** FLOP *** [Kh 2c Kc]
bobone4 checks
manggy94 checks
lugui0777 bets 400
bobone4 folds
manggy94 folds
lugui0777 collected 1100 from pot
*** SUMMARY ***
Total pot 1100 | No rake
Board: [Kh 2c Kc]
Seat 9: lugui0777 (button) won 1100


Winamax Poker - Tournament "KILL THE FISH" buyIn: 7€ + 3€ level: 3 - HandId: #562445857404747779-24-1443605736 - Holdem no limit (100/200) - 2015/09/30 09:35:36 UTC
Table: 'KILL THE FISH(130954631)#002' 9-max (real money) Seat #1 is the button
Seat 1: dct jovan (28052)
Seat 2: bobone4 (17340)
Seat 3: TOTSSS (11017)
Seat 4: pukasimpi (10570)
Seat 5: TheLuckyCat (10441)
Seat 6: MonkeyRush (7885)
Seat 7: manggy94 (6625)
Seat 9: lugui0777 (5923)
*** ANTE/BLINDS ***
bobone4 posts small blind 100
TOTSSS posts big blind 200
Dealt to manggy94 [Qc Qs]
*** PRE-FLOP *** 
pukasimpi folds
TheLuckyCat folds
MonkeyRush folds
manggy94 raises 500 to 700
lugui0777 folds
dct jovan folds
bobone4 folds
TOTSSS folds
manggy94 collected 1000 from pot
*** SUMMARY ***
Total pot 1000 | No rake
Seat 7: manggy94 won 1000


Winamax Poker - Tournament "KILL THE FISH" buyIn: 7€ + 3€ level: 3 - HandId: #562445857404747779-25-1443605752 - Holdem no limit (100/200) - 2015/09/30 09:35:52 UTC
Table: 'KILL THE FISH(130954631)#002' 9-max (real money) Seat #2 is the button
Seat 1: dct jovan (28052)
Seat 2: bobone4 (17240)
Seat 3: TOTSSS (10817)
Seat 4: pukasimpi (10570)
Seat 5: TheLuckyCat (10441)
Seat 6: MonkeyRush (7885)
Seat 7: manggy94 (6925)
Seat 9: lugui0777 (5923)
*** ANTE/BLINDS ***
TOTSSS posts small blind 100
pukasimpi posts big blind 200
Dealt to manggy94 [9c As]
*** PRE-FLOP *** 
TheLuckyCat folds
MonkeyRush folds
manggy94 calls 200
lugui0777 folds
dct jovan raises 400 to 600
bobone4 folds
TOTSSS folds
pukasimpi folds
manggy94 calls 400
*** FLOP *** [Jh 4c 4s]
manggy94 checks
dct jovan bets 750
manggy94 calls 750
*** TURN *** [Jh 4c 4s][3c]
manggy94 bets 3000
dct jovan raises 3000 to 6000
manggy94 folds
dct jovan collected 12000 from pot
*** SUMMARY ***
Total pot 12000 | No rake
Board: [Jh 4c 4s 3c]
Seat 1: dct jovan won 12000


Winamax Poker - Tournament "KILL THE FISH" buyIn: 7€ + 3€ level: 3 - HandId: #562445857404747779-26-1443605799 - Holdem no limit (100/200) - 2015/09/30 09:36:39 UTC
Table: 'KILL THE FISH(130954631)#002' 9-max (real money) Seat #3 is the button
Seat 1: dct jovan (32702)
Seat 2: bobone4 (17240)
Seat 3: TOTSSS (10717)
Seat 4: pukasimpi (10370)
Seat 5: TheLuckyCat (10441)
Seat 6: MonkeyRush (7885)
Seat 7: manggy94 (2575)
Seat 9: lugui0777 (5923)
*** ANTE/BLINDS ***
pukasimpi posts small blind 100
TheLuckyCat posts big blind 200
Dealt to manggy94 [9h 4c]
*** PRE-FLOP *** 
MonkeyRush folds
manggy94 folds
lugui0777 folds
dct jovan folds
bobone4 calls 200
TOTSSS folds
pukasimpi folds
TheLuckyCat raises 500 to 700
bobone4 folds
TheLuckyCat collected 1000 from pot
*** SUMMARY ***
Total pot 1000 | No rake
Seat 5: TheLuckyCat (big blind) won 1000


Winamax Poker - Tournament "KILL THE FISH" buyIn: 7€ + 3€ level: 3 - HandId: #562445857404747779-27-1443605832 - Holdem no limit (100/200) - 2015/09/30 09:37:12 UTC
Table: 'KILL THE FISH(130954631)#002' 9-max (real money) Seat #4 is the button
Seat 1: dct jovan (32702)
Seat 2: bobone4 (17040)
Seat 3: TOTSSS (10717)
Seat 4: pukasimpi (10270)
Seat 5: TheLuckyCat (10741)
Seat 6: MonkeyRush (7885)
Seat 7: manggy94 (2575)
Seat 9: lugui0777 (5923)
*** ANTE/BLINDS ***
TheLuckyCat posts small blind 100
MonkeyRush posts big blind 200
Dealt to manggy94 [3d 3h]
*** PRE-FLOP *** 
manggy94 calls 200
lugui0777 folds
dct jovan folds
bobone4 folds
TOTSSS folds
pukasimpi folds
TheLuckyCat folds
MonkeyRush checks
*** FLOP *** [6d Kd 9h]
MonkeyRush checks
manggy94 bets 2375 and is all-in
MonkeyRush folds
manggy94 collected 2875 from pot
*** SUMMARY ***
Total pot 2875 | No rake
Board: [6d Kd 9h]
Seat 7: manggy94 won 2875


Winamax Poker - Tournament "KILL THE FISH" buyIn: 7€ + 3€ level: 3 - HandId: #562445857404747779-28-1443605855 - Holdem no limit (100/200) - 2015/09/30 09:37:35 UTC
Table: 'KILL THE FISH(130954631)#002' 9-max (real money) Seat #5 is the button
Seat 1: dct jovan (32702)
Seat 2: bobone4 (17040)
Seat 3: TOTSSS (10717)
Seat 4: pukasimpi (10270)
Seat 5: TheLuckyCat (10641)
Seat 6: MonkeyRush (7685)
Seat 7: manggy94 (2875)
Seat 9: lugui0777 (5923)
*** ANTE/BLINDS ***
MonkeyRush posts small blind 100
manggy94 posts big blind 200
Dealt to manggy94 [7c As]
*** PRE-FLOP *** 
lugui0777 folds
dct jovan folds
bobone4 folds
TOTSSS folds
pukasimpi folds
TheLuckyCat raises 200 to 400
MonkeyRush folds
manggy94 raises 900 to 1300
TheLuckyCat folds
manggy94 collected 1800 from pot
*** SUMMARY ***
Total pot 1800 | No rake
Seat 7: manggy94 (big blind) won 1800


Winamax Poker - Tournament "KILL THE FISH" buyIn: 7€ + 3€ level: 3 - HandId: #562445857404747779-29-1443605904 - Holdem no limit (100/200) - 2015/09/30 09:38:24 UTC
Table: 'KILL THE FISH(130954631)#002' 9-max (real money) Seat #6 is the button
Seat 1: dct jovan (32702)
Seat 2: bobone4 (17040)
Seat 3: TOTSSS (10717)
Seat 4: pukasimpi (10270)
Seat 5: TheLuckyCat (10241)
Seat 6: MonkeyRush (7585)
Seat 7: manggy94 (3375)
Seat 8: moplai (10000)
Seat 9: lugui0777 (5923)
*** ANTE/BLINDS ***
manggy94 posts small blind 100
moplai posts big blind 200
Dealt to manggy94 [Jd Qd]
*** PRE-FLOP *** 
lugui0777 folds
dct jovan raises 400 to 600
bobone4 folds
TOTSSS folds
pukasimpi calls 600
TheLuckyCat calls 600
MonkeyRush folds
manggy94 folds
moplai calls 400
*** FLOP *** [3c Jh Td]
moplai checks
dct jovan bets 1250
pukasimpi raises 1875 to 3125
TheLuckyCat folds
moplai folds
dct jovan folds
pukasimpi collected 6875 from pot
*** SUMMARY ***
Total pot 6875 | No rake
Board: [3c Jh Td]
Seat 4: pukasimpi won 6875


Winamax Poker - Tournament "KILL THE FISH" buyIn: 7€ + 3€ level: 4 - HandId: #562445857404747779-30-1443605952 - Holdem no limit (150/300) - 2015/09/30 09:39:12 UTC
Table: 'KILL THE FISH(130954631)#002' 9-max (real money) Seat #7 is the button
Seat 1: dct jovan (30852)
Seat 2: bobone4 (17040)
Seat 3: TOTSSS (10717)
Seat 4: pukasimpi (13420)
Seat 5: TheLuckyCat (9641)
Seat 6: MonkeyRush (7585)
Seat 7: manggy94 (3275)
Seat 8: moplai (9400)
Seat 9: lugui0777 (5923)
*** ANTE/BLINDS ***
moplai posts small blind 150
lugui0777 posts big blind 300
Dealt to manggy94 [Th 8d]
*** PRE-FLOP *** 
dct jovan folds
bobone4 folds
TOTSSS folds
pukasimpi raises 300 to 600
TheLuckyCat calls 600
MonkeyRush folds
manggy94 folds
moplai raises 8800 to 9400 and is all-in
lugui0777 folds
pukasimpi folds
TheLuckyCat folds
moplai collected 10900 from pot
*** SUMMARY ***
Total pot 10900 | No rake
Seat 8: moplai (small blind) won 10900


Winamax Poker - Tournament "KILL THE FISH" buyIn: 7€ + 3€ level: 4 - HandId: #562445857404747779-31-1443605997 - Holdem no limit (150/300) - 2015/09/30 09:39:57 UTC
Table: 'KILL THE FISH(130954631)#002' 9-max (real money) Seat #8 is the button
Seat 1: dct jovan (30852)
Seat 2: bobone4 (17040)
Seat 3: TOTSSS (10717)
Seat 4: pukasimpi (12820)
Seat 5: TheLuckyCat (9041)
Seat 6: MonkeyRush (7585)
Seat 7: manggy94 (3275)
Seat 8: moplai (10900)
Seat 9: lugui0777 (5623)
*** ANTE/BLINDS ***
lugui0777 posts small blind 150
dct jovan posts big blind 300
Dealt to manggy94 [2d 3d]
*** PRE-FLOP *** 
bobone4 calls 300
TOTSSS raises 600 to 900
pukasimpi calls 900
TheLuckyCat folds
MonkeyRush folds
manggy94 folds
moplai calls 900
lugui0777 folds
dct jovan folds
bobone4 calls 600
*** FLOP *** [6s 6h 3c]
bobone4 checks
TOTSSS bets 1350
pukasimpi folds
moplai folds
bobone4 folds
TOTSSS collected 5400 from pot
*** SUMMARY ***
Total pot 5400 | No rake
Board: [6s 6h 3c]
Seat 3: TOTSSS won 5400


Winamax Poker - Tournament "KILL THE FISH" buyIn: 7€ + 3€ level: 4 - HandId: #562445857404747779-32-1443606055 - Holdem no limit (150/300) - 2015/09/30 09:40:55 UTC
Table: 'KILL THE FISH(130954631)#002' 9-max (real money) Seat #9 is the button
Seat 1: dct jovan (30552)
Seat 2: bobone4 (16140)
Seat 3: TOTSSS (13867)
Seat 4: pukasimpi (11920)
Seat 5: TheLuckyCat (9041)
Seat 6: MonkeyRush (7585)
Seat 7: manggy94 (3275)
Seat 8: moplai (10000)
Seat 9: lugui0777 (5473)
*** ANTE/BLINDS ***
dct jovan posts small blind 150
bobone4 posts big blind 300
Dealt to manggy94 [4d Js]
*** PRE-FLOP *** 
TOTSSS folds
pukasimpi folds
TheLuckyCat folds
MonkeyRush folds
manggy94 folds
moplai folds
lugui0777 folds
dct jovan folds
bobone4 collected 450 from pot
*** SUMMARY ***
Total pot 450 | No rake
Seat 2: bobone4 (big blind) won 450


Winamax Poker - Tournament "KILL THE FISH" buyIn: 7€ + 3€ level: 4 - HandId: #562445857404747779-33-1443606082 - Holdem no limit (150/300) - 2015/09/30 09:41:22 UTC
Table: 'KILL THE FISH(130954631)#002' 9-max (real money) Seat #1 is the button
Seat 1: dct jovan (30402)
Seat 2: bobone4 (16290)
Seat 3: TOTSSS (13867)
Seat 4: pukasimpi (11920)
Seat 5: TheLuckyCat (9041)
Seat 6: MonkeyRush (7585)
Seat 7: manggy94 (3275)
Seat 8: moplai (10000)
Seat 9: lugui0777 (5473)
*** ANTE/BLINDS ***
bobone4 posts small blind 150
TOTSSS posts big blind 300
Dealt to manggy94 [4d 7c]
*** PRE-FLOP *** 
pukasimpi folds
TheLuckyCat folds
MonkeyRush folds
manggy94 folds
moplai folds
lugui0777 folds
dct jovan raises 600 to 900
bobone4 folds
TOTSSS folds
dct jovan collected 1350 from pot
*** SUMMARY ***
Total pot 1350 | No rake
Seat 1: dct jovan (button) won 1350


Winamax Poker - Tournament "KILL THE FISH" buyIn: 7€ + 3€ level: 4 - HandId: #562445857404747779-34-1443606108 - Holdem no limit (150/300) - 2015/09/30 09:41:48 UTC
Table: 'KILL THE FISH(130954631)#002' 9-max (real money) Seat #2 is the button
Seat 1: dct jovan (30852)
Seat 2: bobone4 (16140)
Seat 3: TOTSSS (13567)
Seat 4: pukasimpi (11920)
Seat 5: TheLuckyCat (9041)
Seat 6: MonkeyRush (7585)
Seat 7: manggy94 (3275)
Seat 8: moplai (10000)
Seat 9: lugui0777 (5473)
*** ANTE/BLINDS ***
TOTSSS posts small blind 150
pukasimpi posts big blind 300
Dealt to manggy94 [Kc 7d]
*** PRE-FLOP *** 
TheLuckyCat folds
MonkeyRush folds
manggy94 calls 300
moplai folds
lugui0777 folds
dct jovan calls 300
bobone4 folds
TOTSSS calls 150
pukasimpi checks
*** FLOP *** [Jd Jc Qc]
TOTSSS checks
pukasimpi checks
manggy94 checks
dct jovan bets 600
TOTSSS folds
pukasimpi calls 600
manggy94 folds
*** TURN *** [Jd Jc Qc][2c]
pukasimpi checks
dct jovan checks
*** RIVER *** [Jd Jc Qc 2c][2s]
pukasimpi checks
dct jovan checks
*** SHOW DOWN ***
dct jovan shows [Ad 7c] (Two pairs : Jacks and 2)
pukasimpi shows [5d Qd] (Two pairs : Queens and Jacks)
pukasimpi collected 2400 from pot
*** SUMMARY ***
Total pot 2400 | No rake
Board: [Jd Jc Qc 2c 2s]
Seat 1: dct jovan showed [Ad 7c] and lost with Two pairs : Jacks and 2
Seat 4: pukasimpi (big blind) showed [5d Qd] and won 2400 with Two pairs : Queens and Jacks


Winamax Poker - Tournament "KILL THE FISH" buyIn: 7€ + 3€ level: 4 - HandId: #562445857404747779-35-1443606219 - Holdem no limit (150/300) - 2015/09/30 09:43:39 UTC
Table: 'KILL THE FISH(130954631)#002' 9-max (real money) Seat #3 is the button
Seat 1: dct jovan (29952)
Seat 2: bobone4 (16140)
Seat 3: TOTSSS (13267)
Seat 4: pukasimpi (13420)
Seat 5: TheLuckyCat (9041)
Seat 7: manggy94 (2975)
Seat 9: lugui0777 (5473)
*** ANTE/BLINDS ***
pukasimpi posts small blind 150
TheLuckyCat posts big blind 300
Dealt to manggy94 [Td Tc]
*** PRE-FLOP *** 
manggy94 calls 300
lugui0777 calls 300
dct jovan folds
bobone4 folds
TOTSSS calls 300
pukasimpi raises 1500 to 1800
TheLuckyCat folds
manggy94 calls 1500
lugui0777 folds
TOTSSS folds
*** FLOP *** [7s 4d Th]
pukasimpi bets 2250
manggy94 calls 1175 and is all-in
*** TURN *** [7s 4d Th][9c]
*** RIVER *** [7s 4d Th 9c][6d]
*** SHOW DOWN ***
manggy94 shows [Td Tc] (Trips of Tens)
pukasimpi shows [8d 8h] (Straight Ten high)
pukasimpi collected 7925 from pot
*** SUMMARY ***
Total pot 7925 | No rake
Board: [7s 4d Th 9c 6d]
Seat 4: pukasimpi (small blind) showed [8d 8h] and won 7925 with Straight Ten high
Seat 7: manggy94 showed [Td Tc] and lost with Trips of Tens


