Winamax Poker - Tournament "1€ et à table..." buyIn: 0,90€ + 0,10€ level: 3 - HandId: #552788241187602438-1-1441881315 - Holdem no limit (100/200) - 2015/09/10 10:35:15 UTC
Table: '1€ et à table...(128706042)#005' 9-max (real money) Seat #4 is the button
Seat 1: mikethehike (10500)
Seat 4: stevos7623 (10000)
Seat 8: manggy94 (10000)
*** ANTE/BLINDS ***
stevos7623 posts small blind 100
manggy94 posts big blind 200
Dealt to manggy94 [5s 4d]
*** PRE-FLOP *** 
stevos7623 calls 100
manggy94 checks
*** FLOP *** [6d Ac 3h]
manggy94 bets 400
stevos7623 folds
manggy94 collected 800 from pot
*** SUMMARY ***
Total pot 800 | No rake
Board: [6d Ac 3h]
Seat 8: manggy94 (big blind) won 800


Winamax Poker - Tournament "1€ et à table..." buyIn: 0,90€ + 0,10€ level: 3 - HandId: #552788241187602438-2-1441881334 - Holdem no limit (100/200) - 2015/09/10 10:35:34 UTC
Table: '1€ et à table...(128706042)#005' 9-max (real money) Seat #4 is the button
Seat 1: mikethehike (10500)
Seat 2: Lakhdar24 (11000)
Seat 4: stevos7623 (9800)
Seat 8: manggy94 (10200)
*** ANTE/BLINDS ***
manggy94 posts small blind 100
mikethehike posts big blind 200
Dealt to manggy94 [Td 7s]
*** PRE-FLOP *** 
Lakhdar24 folds
stevos7623 calls 200
manggy94 folds
mikethehike checks
*** FLOP *** [8c Jc Ac]
mikethehike bets 250
stevos7623 folds
mikethehike collected 750 from pot
*** SUMMARY ***
Total pot 750 | No rake
Board: [8c Jc Ac]
Seat 1: mikethehike (big blind) won 750


Winamax Poker - Tournament "1€ et à table..." buyIn: 0,90€ + 0,10€ level: 3 - HandId: #552788241187602438-3-1441881367 - Holdem no limit (100/200) - 2015/09/10 10:36:07 UTC
Table: '1€ et à table...(128706042)#005' 9-max (real money) Seat #8 is the button
Seat 1: mikethehike (10800)
Seat 2: Lakhdar24 (11000)
Seat 3: IPHONE66 (12175)
Seat 4: stevos7623 (9600)
Seat 5: Brumafr82 (10550)
Seat 6: kennymustdie (9525)
Seat 7: livars (10150)
Seat 8: manggy94 (10100)
Seat 9: JOBASTRE (10000)
*** ANTE/BLINDS ***
mikethehike posts small blind 100
Lakhdar24 posts big blind 200
Dealt to manggy94 [Qc 7s]
*** PRE-FLOP *** 
IPHONE66 calls 200
stevos7623 raises 800 to 1000
Brumafr82 calls 1000
kennymustdie calls 1000
livars folds
manggy94 folds
mikethehike folds
Lakhdar24 folds
IPHONE66 folds
*** FLOP *** [Td Kd 8s]
stevos7623 bets 400
Brumafr82 folds
kennymustdie calls 400
*** TURN *** [Td Kd 8s][Qh]
stevos7623 bets 300
kennymustdie calls 300
*** RIVER *** [Td Kd 8s Qh][Ac]
stevos7623 bets 700
kennymustdie raises 2700 to 3400
stevos7623 calls 2700
*** SHOW DOWN ***
stevos7623 shows [Ad Ts] (Two pairs : Aces and Tens)
kennymustdie shows [Jd Jh] (Straight Ace high)
kennymustdie collected 11700 from pot
*** SUMMARY ***
Total pot 11700 | No rake
Board: [Td Kd 8s Qh Ac]
Seat 4: stevos7623 showed [Ad Ts] and lost with Two pairs : Aces and Tens
Seat 6: kennymustdie showed [Jd Jh] and won 11700 with Straight Ace high


Winamax Poker - Tournament "1€ et à table..." buyIn: 0,90€ + 0,10€ level: 3 - HandId: #552788241187602435-20-1441881525 - Holdem no limit (100/200) - 2015/09/10 10:38:45 UTC
Table: '1€ et à table...(128706042)#002' 9-max (real money) Seat #9 is the button
Seat 1: kyja (4900)
Seat 2: DD51 (16250)
Seat 3: lorki42 (31775)
Seat 4: bouzou66 (12813)
Seat 5: einna84 (9425)
Seat 6: boavista59 (13946)
Seat 7: manggy94 (10100)
Seat 9: Epsilon05 (8802)
*** ANTE/BLINDS ***
kyja posts small blind 100
DD51 posts big blind 200
Dealt to manggy94 [9h 8s]
*** PRE-FLOP *** 
lorki42 folds
bouzou66 folds
einna84 folds
boavista59 folds
manggy94 calls 200
Epsilon05 folds
kyja calls 100
DD51 checks
*** FLOP *** [7s 2c Qd]
kyja bets 200
DD51 folds
manggy94 folds
kyja collected 800 from pot
*** SUMMARY ***
Total pot 800 | No rake
Board: [7s 2c Qd]
Seat 1: kyja (small blind) won 800


Winamax Poker - Tournament "1€ et à table..." buyIn: 0,90€ + 0,10€ level: 4 - HandId: #552788241187602435-21-1441881577 - Holdem no limit (150/300) - 2015/09/10 10:39:37 UTC
Table: '1€ et à table...(128706042)#002' 9-max (real money) Seat #1 is the button
Seat 1: kyja (5300)
Seat 2: DD51 (16050)
Seat 3: lorki42 (31775)
Seat 4: bouzou66 (12813)
Seat 5: einna84 (9425)
Seat 6: boavista59 (13946)
Seat 7: manggy94 (9900)
Seat 9: Epsilon05 (8802)
*** ANTE/BLINDS ***
DD51 posts small blind 150
lorki42 posts big blind 300
Dealt to manggy94 [9s 5d]
*** PRE-FLOP *** 
bouzou66 folds
einna84 folds
boavista59 calls 300
manggy94 folds
Epsilon05 folds
kyja folds
DD51 calls 150
lorki42 checks
*** FLOP *** [Js 9h 5h]
DD51 checks
lorki42 checks
boavista59 checks
*** TURN *** [Js 9h 5h][3d]
DD51 checks
lorki42 checks
boavista59 checks
*** RIVER *** [Js 9h 5h 3d][As]
DD51 checks
lorki42 checks
boavista59 checks
*** SHOW DOWN ***
lorki42 shows [4c 7s] (High card : Ace)
boavista59 shows [Th Ks] (High card : Ace)
DD51 shows [Kd Qc] (High card : Ace)
DD51 collected 900 from pot
*** SUMMARY ***
Total pot 900 | No rake
Board: [Js 9h 5h 3d As]
Seat 2: DD51 (small blind) showed [Kd Qc] and won 900 with High card : Ace
Seat 3: lorki42 (big blind) showed [4c 7s] and lost with High card : Ace
Seat 6: boavista59 showed [Th Ks] and lost with High card : Ace


Winamax Poker - Tournament "1€ et à table..." buyIn: 0,90€ + 0,10€ level: 4 - HandId: #552788241187602435-22-1441881608 - Holdem no limit (150/300) - 2015/09/10 10:40:08 UTC
Table: '1€ et à table...(128706042)#002' 9-max (real money) Seat #2 is the button
Seat 1: kyja (5300)
Seat 2: DD51 (16650)
Seat 3: lorki42 (31475)
Seat 4: bouzou66 (12813)
Seat 5: einna84 (9425)
Seat 6: boavista59 (13646)
Seat 7: manggy94 (9900)
Seat 8: parigoxx (10000)
Seat 9: Epsilon05 (8802)
*** ANTE/BLINDS ***
lorki42 posts small blind 150
bouzou66 posts big blind 300
Dealt to manggy94 [Ac Jd]
*** PRE-FLOP *** 
einna84 folds
boavista59 folds
manggy94 raises 750 to 1050
parigoxx raises 8950 to 10000 and is all-in
Epsilon05 folds
kyja folds
DD51 folds
lorki42 folds
bouzou66 folds
manggy94 calls 8850 and is all-in
*** FLOP *** [3c 4h 2h]
*** TURN *** [3c 4h 2h][9d]
*** RIVER *** [3c 4h 2h 9d][5d]
*** SHOW DOWN ***
manggy94 shows [Ac Jd] (Straight 5 high)
parigoxx shows [Ad Qh] (Straight 5 high)
parigoxx collected 10225 from side pot 1
manggy94 collected 10125 from main pot
*** SUMMARY ***
Total pot 20350 | No rake
Board: [3c 4h 2h 9d 5d]
Seat 7: manggy94 showed [Ac Jd] and won 10125 with Straight 5 high
Seat 8: parigoxx showed [Ad Qh] and won 10225 with Straight 5 high


Winamax Poker - Tournament "1€ et à table..." buyIn: 0,90€ + 0,10€ level: 4 - HandId: #552788241187602435-23-1441881636 - Holdem no limit (150/300) - 2015/09/10 10:40:36 UTC
Table: '1€ et à table...(128706042)#002' 9-max (real money) Seat #3 is the button
Seat 1: kyja (5300)
Seat 2: DD51 (16650)
Seat 3: lorki42 (31325)
Seat 4: bouzou66 (12513)
Seat 5: einna84 (9425)
Seat 6: boavista59 (13646)
Seat 7: manggy94 (10125)
Seat 8: parigoxx (10225)
Seat 9: Epsilon05 (8802)
*** ANTE/BLINDS ***
bouzou66 posts small blind 150
einna84 posts big blind 300
Dealt to manggy94 [Ad 9c]
*** PRE-FLOP *** 
boavista59 calls 300
manggy94 folds
parigoxx calls 300
Epsilon05 folds
kyja folds
DD51 folds
lorki42 folds
bouzou66 folds
einna84 checks
*** FLOP *** [Qc 4c 3h]
einna84 checks
boavista59 checks
parigoxx bets 788
einna84 folds
boavista59 folds
parigoxx collected 1838 from pot
*** SUMMARY ***
Total pot 1838 | No rake
Board: [Qc 4c 3h]
Seat 8: parigoxx won 1838


Winamax Poker - Tournament "1€ et à table..." buyIn: 0,90€ + 0,10€ level: 4 - HandId: #552788241187602435-24-1441881701 - Holdem no limit (150/300) - 2015/09/10 10:41:41 UTC
Table: '1€ et à table...(128706042)#002' 9-max (real money) Seat #4 is the button
Seat 1: kyja (5300)
Seat 2: DD51 (16650)
Seat 3: lorki42 (31325)
Seat 4: bouzou66 (12363)
Seat 5: einna84 (9125)
Seat 6: boavista59 (13346)
Seat 7: manggy94 (10125)
Seat 8: parigoxx (10975)
Seat 9: Epsilon05 (8802)
*** ANTE/BLINDS ***
einna84 posts small blind 150
boavista59 posts big blind 300
Dealt to manggy94 [7c 7h]
*** PRE-FLOP *** 
manggy94 raises 750 to 1050
parigoxx calls 1050
Epsilon05 folds
kyja folds
DD51 folds
lorki42 folds
bouzou66 folds
einna84 folds
boavista59 folds
*** FLOP *** [Js As Th]
manggy94 checks
parigoxx checks
*** TURN *** [Js As Th][5h]
manggy94 checks
parigoxx bets 1050
manggy94 calls 1050
*** RIVER *** [Js As Th 5h][Qc]
manggy94 checks
parigoxx bets 8875 and is all-in
manggy94 folds
parigoxx shows [7s 8h] (High card : Ace)
parigoxx collected 13525 from pot
*** SUMMARY ***
Total pot 13525 | No rake
Board: [Js As Th 5h Qc]
Seat 8: parigoxx showed [7s 8h] and won 13525 with High card : Ace


Winamax Poker - Tournament "1€ et à table..." buyIn: 0,90€ + 0,10€ level: 4 - HandId: #552788241187602435-25-1441881758 - Holdem no limit (150/300) - 2015/09/10 10:42:38 UTC
Table: '1€ et à table...(128706042)#002' 9-max (real money) Seat #5 is the button
Seat 1: kyja (5300)
Seat 2: DD51 (16650)
Seat 3: lorki42 (31325)
Seat 4: bouzou66 (12363)
Seat 5: einna84 (8975)
Seat 6: boavista59 (13046)
Seat 7: manggy94 (8025)
Seat 8: parigoxx (13525)
Seat 9: Epsilon05 (8802)
*** ANTE/BLINDS ***
boavista59 posts small blind 150
manggy94 posts big blind 300
Dealt to manggy94 [Th 4d]
*** PRE-FLOP *** 
parigoxx calls 300
Epsilon05 calls 300
kyja folds
DD51 folds
lorki42 raises 300 to 600
bouzou66 folds
einna84 folds
boavista59 folds
manggy94 folds
parigoxx calls 300
Epsilon05 calls 300
*** FLOP *** [Ts 5s 2h]
parigoxx bets 1500
Epsilon05 folds
lorki42 folds
parigoxx collected 3750 from pot
*** SUMMARY ***
Total pot 3750 | No rake
Board: [Ts 5s 2h]
Seat 8: parigoxx won 3750


Winamax Poker - Tournament "1€ et à table..." buyIn: 0,90€ + 0,10€ level: 4 - HandId: #552788241187602435-26-1441881829 - Holdem no limit (150/300) - 2015/09/10 10:43:49 UTC
Table: '1€ et à table...(128706042)#002' 9-max (real money) Seat #6 is the button
Seat 1: kyja (5300)
Seat 2: DD51 (16650)
Seat 3: lorki42 (30725)
Seat 4: bouzou66 (12363)
Seat 5: einna84 (8975)
Seat 6: boavista59 (12896)
Seat 7: manggy94 (7725)
Seat 8: parigoxx (15175)
Seat 9: Epsilon05 (8202)
*** ANTE/BLINDS ***
manggy94 posts small blind 150
parigoxx posts big blind 300
Dealt to manggy94 [2h Td]
*** PRE-FLOP *** 
Epsilon05 folds
kyja folds
DD51 folds
lorki42 folds
bouzou66 folds
einna84 folds
boavista59 folds
manggy94 folds
parigoxx collected 450 from pot
*** SUMMARY ***
Total pot 450 | No rake
Seat 8: parigoxx (big blind) won 450


Winamax Poker - Tournament "1€ et à table..." buyIn: 0,90€ + 0,10€ level: 4 - HandId: #552788241187602435-27-1441881856 - Holdem no limit (150/300) - 2015/09/10 10:44:16 UTC
Table: '1€ et à table...(128706042)#002' 9-max (real money) Seat #7 is the button
Seat 1: kyja (5300)
Seat 2: DD51 (16650)
Seat 3: lorki42 (30725)
Seat 4: bouzou66 (12363)
Seat 5: einna84 (8975)
Seat 6: boavista59 (12896)
Seat 7: manggy94 (7575)
Seat 8: parigoxx (15325)
Seat 9: Epsilon05 (8202)
*** ANTE/BLINDS ***
parigoxx posts small blind 150
Epsilon05 posts big blind 300
Dealt to manggy94 [3s 4s]
*** PRE-FLOP *** 
kyja folds
DD51 folds
lorki42 folds
bouzou66 folds
einna84 folds
boavista59 raises 300 to 600
manggy94 folds
parigoxx calls 450
Epsilon05 folds
*** FLOP *** [9h Tc 6s]
parigoxx checks
boavista59 bets 3900
parigoxx calls 3900
*** TURN *** [9h Tc 6s][4c]
parigoxx checks
boavista59 bets 300
parigoxx calls 300
*** RIVER *** [9h Tc 6s 4c][4d]
parigoxx folds
boavista59 collected 9900 from pot
*** SUMMARY ***
Total pot 9900 | No rake
Board: [9h Tc 6s 4c 4d]
Seat 6: boavista59 won 9900


Winamax Poker - Tournament "1€ et à table..." buyIn: 0,90€ + 0,10€ level: 5 - HandId: #552788241187602435-28-1441881915 - Holdem no limit (25/150/300) - 2015/09/10 10:45:15 UTC
Table: '1€ et à table...(128706042)#002' 9-max (real money) Seat #8 is the button
Seat 1: kyja (5300)
Seat 2: DD51 (16650)
Seat 3: lorki42 (30725)
Seat 4: bouzou66 (12363)
Seat 5: einna84 (8975)
Seat 6: boavista59 (17996)
Seat 7: manggy94 (7575)
Seat 9: Epsilon05 (7902)
*** ANTE/BLINDS ***
Epsilon05 posts ante 25
kyja posts ante 25
DD51 posts ante 25
lorki42 posts ante 25
bouzou66 posts ante 25
einna84 posts ante 25
boavista59 posts ante 25
manggy94 posts ante 25
Epsilon05 posts small blind 150
kyja posts big blind 300
Dealt to manggy94 [Th Qd]
*** PRE-FLOP *** 
DD51 folds
lorki42 folds
bouzou66 folds
einna84 calls 300
boavista59 folds
manggy94 calls 300
Epsilon05 folds
kyja checks
*** FLOP *** [5c Ad Ac]
kyja bets 4975 and is all-in
einna84 raises 3675 to 8650 and is all-in
manggy94 folds
*** TURN *** [5c Ad Ac][9s]
*** RIVER *** [5c Ad Ac 9s][Qc]
*** SHOW DOWN ***
kyja shows [5d Kd] (Two pairs : Aces and 5)
einna84 shows [6h Ah] (Trips of Aces)
einna84 collected 14875 from pot
*** SUMMARY ***
Total pot 14875 | No rake
Board: [5c Ad Ac 9s Qc]
Seat 1: kyja (big blind) showed [5d Kd] and lost with Two pairs : Aces and 5
Seat 5: einna84 showed [6h Ah] and won 14875 with Trips of Aces


Winamax Poker - Tournament "1€ et à table..." buyIn: 0,90€ + 0,10€ level: 5 - HandId: #552788241187602435-29-1441882011 - Holdem no limit (25/150/300) - 2015/09/10 10:46:51 UTC
Table: '1€ et à table...(128706042)#002' 9-max (real money) Seat #9 is the button
Seat 2: DD51 (16625)
Seat 3: lorki42 (30700)
Seat 4: bouzou66 (12338)
Seat 5: einna84 (14875)
Seat 6: boavista59 (17971)
Seat 7: manggy94 (7250)
Seat 8: 10Arno (10000)
Seat 9: Epsilon05 (7727)
*** ANTE/BLINDS ***
DD51 posts ante 25
lorki42 posts ante 25
bouzou66 posts ante 25
einna84 posts ante 25
boavista59 posts ante 25
manggy94 posts ante 25
10Arno posts ante 25
Epsilon05 posts ante 25
DD51 posts big blind 300
Dealt to manggy94 [Kd 9c]
*** PRE-FLOP *** 
lorki42 folds
bouzou66 folds
einna84 folds
boavista59 calls 300
manggy94 calls 300
10Arno calls 300
Epsilon05 folds
DD51 checks
*** FLOP *** [7c Td 3c]
DD51 checks
boavista59 bets 300
manggy94 folds
10Arno calls 300
DD51 folds
*** TURN *** [7c Td 3c][7h]
boavista59 bets 300
10Arno calls 300
*** RIVER *** [7c Td 3c 7h][Jd]
boavista59 bets 5550
10Arno folds
boavista59 collected 8150 from pot
*** SUMMARY ***
Total pot 8150 | No rake
Board: [7c Td 3c 7h Jd]
Seat 6: boavista59 won 8150


Winamax Poker - Tournament "1€ et à table..." buyIn: 0,90€ + 0,10€ level: 5 - HandId: #552788241187602435-30-1441882066 - Holdem no limit (25/150/300) - 2015/09/10 10:47:46 UTC
Table: '1€ et à table...(128706042)#002' 9-max (real money) Seat #1 is the button
Seat 2: DD51 (16300)
Seat 3: lorki42 (30675)
Seat 4: bouzou66 (12313)
Seat 5: einna84 (14850)
Seat 6: boavista59 (19646)
Seat 7: manggy94 (6925)
Seat 8: 10Arno (9075)
Seat 9: Epsilon05 (7702)
*** ANTE/BLINDS ***
DD51 posts ante 25
lorki42 posts ante 25
bouzou66 posts ante 25
einna84 posts ante 25
boavista59 posts ante 25
manggy94 posts ante 25
10Arno posts ante 25
Epsilon05 posts ante 25
DD51 posts small blind 150
lorki42 posts big blind 300
Dealt to manggy94 [Js Kc]
*** PRE-FLOP *** 
bouzou66 folds
einna84 calls 300
boavista59 folds
manggy94 raises 1250 to 1550
10Arno folds
Epsilon05 folds
DD51 calls 1400
lorki42 folds
einna84 folds
*** FLOP *** [Qd Jc 8s]
DD51 checks
manggy94 checks
*** TURN *** [Qd Jc 8s][7s]
DD51 checks
manggy94 bets 3900
DD51 calls 3900
*** RIVER *** [Qd Jc 8s 7s][9s]
DD51 bets 300
manggy94 calls 300
*** SHOW DOWN ***
manggy94 shows [Js Kc] (One pair : Jacks)
DD51 shows [Kh Ts] (Straight King high)
DD51 collected 12300 from pot
*** SUMMARY ***
Total pot 12300 | No rake
Board: [Qd Jc 8s 7s 9s]
Seat 2: DD51 (small blind) showed [Kh Ts] and won 12300 with Straight King high
Seat 7: manggy94 showed [Js Kc] and lost with One pair : Jacks


Winamax Poker - Tournament "1€ et à table..." buyIn: 0,90€ + 0,10€ level: 5 - HandId: #552788241187602435-31-1441882128 - Holdem no limit (25/150/300) - 2015/09/10 10:48:48 UTC
Table: '1€ et à table...(128706042)#002' 9-max (real money) Seat #2 is the button
Seat 1: kentin55 (10000)
Seat 2: DD51 (22825)
Seat 3: lorki42 (30350)
Seat 4: bouzou66 (12288)
Seat 5: einna84 (14525)
Seat 6: boavista59 (19621)
Seat 7: manggy94 (1150)
Seat 8: 10Arno (9050)
Seat 9: Epsilon05 (7677)
*** ANTE/BLINDS ***
lorki42 posts ante 25
bouzou66 posts ante 25
kentin55 posts ante 25
DD51 posts ante 25
einna84 posts ante 25
boavista59 posts ante 25
manggy94 posts ante 25
10Arno posts ante 25
Epsilon05 posts ante 25
lorki42 posts small blind 150
bouzou66 posts big blind 300
Dealt to manggy94 [6c 2c]
*** PRE-FLOP *** 
einna84 calls 300
boavista59 calls 300
manggy94 folds
10Arno calls 300
Epsilon05 folds
kentin55 calls 300
DD51 folds
lorki42 folds
bouzou66 folds
*** FLOP *** [Ac 2d 3h]
einna84 checks
boavista59 bets 3600
10Arno folds
kentin55 folds
einna84 folds
boavista59 collected 5475 from pot
*** SUMMARY ***
Total pot 5475 | No rake
Board: [Ac 2d 3h]
Seat 6: boavista59 won 5475


Winamax Poker - Tournament "1€ et à table..." buyIn: 0,90€ + 0,10€ level: 5 - HandId: #552788241187602435-32-1441882190 - Holdem no limit (25/150/300) - 2015/09/10 10:49:50 UTC
Table: '1€ et à table...(128706042)#002' 9-max (real money) Seat #3 is the button
Seat 2: DD51 (22800)
Seat 3: lorki42 (30175)
Seat 4: bouzou66 (11963)
Seat 5: einna84 (14200)
Seat 6: boavista59 (21171)
Seat 7: manggy94 (1125)
Seat 9: Epsilon05 (7652)
*** ANTE/BLINDS ***
bouzou66 posts ante 25
einna84 posts ante 25
DD51 posts ante 25
lorki42 posts ante 25
boavista59 posts ante 25
manggy94 posts ante 25
Epsilon05 posts ante 25
bouzou66 posts small blind 150
einna84 posts big blind 300
Dealt to manggy94 [Th 9c]
*** PRE-FLOP *** 
boavista59 calls 300
manggy94 folds
Epsilon05 folds
DD51 raises 750 to 1050
lorki42 folds
bouzou66 folds
einna84 folds
boavista59 folds
DD51 collected 1975 from pot
*** SUMMARY ***
Total pot 1975 | No rake
Seat 2: DD51 won 1975


Winamax Poker - Tournament "1€ et à table..." buyIn: 0,90€ + 0,10€ level: 5 - HandId: #552788241187602435-33-1441882226 - Holdem no limit (25/150/300) - 2015/09/10 10:50:26 UTC
Table: '1€ et à table...(128706042)#002' 9-max (real money) Seat #4 is the button
Seat 2: DD51 (23700)
Seat 3: lorki42 (30150)
Seat 4: bouzou66 (11788)
Seat 5: einna84 (13875)
Seat 6: boavista59 (20846)
Seat 7: manggy94 (1100)
Seat 9: Epsilon05 (7627)
*** ANTE/BLINDS ***
einna84 posts ante 25
boavista59 posts ante 25
DD51 posts ante 25
lorki42 posts ante 25
bouzou66 posts ante 25
manggy94 posts ante 25
Epsilon05 posts ante 25
einna84 posts small blind 150
boavista59 posts big blind 300
Dealt to manggy94 [Ad 2s]
*** PRE-FLOP *** 
manggy94 raises 775 to 1075 and is all-in
Epsilon05 folds
DD51 folds
lorki42 folds
bouzou66 folds
einna84 calls 925
boavista59 folds
*** FLOP *** [8h Jh 9h]
*** TURN *** [8h Jh 9h][3c]
*** RIVER *** [8h Jh 9h 3c][5s]
*** SHOW DOWN ***
manggy94 shows [Ad 2s] (High card : Ace)
einna84 shows [Td Qc] (Straight Queen high)
einna84 collected 2625 from pot
*** SUMMARY ***
Total pot 2625 | No rake
Board: [8h Jh 9h 3c 5s]
Seat 5: einna84 (small blind) showed [Td Qc] and won 2625 with Straight Queen high
Seat 7: manggy94 showed [Ad 2s] and lost with High card : Ace


