Winamax Poker - Tournament "Freeroll" buyIn: Free level: 0 - HandId: #539623457755758651-1-1439040626 - Holdem no limit (10/20) - 2015/08/08 13:30:26 UTC
Table: 'Freeroll(125640877)#058' 9-max (real money) Seat #1 is the button
Seat 1: yohanesse (3000)
Seat 2: samyse (3000)
Seat 3: ArthurD83 (3000)
Seat 4: manggy94 (3000)
Seat 5: cyrval6214 (3000)
Seat 6: c-sa-k-c-bon (3000)
Seat 7: nast49C (3000)
Seat 8: stormas6 (3000)
Seat 9: musicabella (3000)
*** ANTE/BLINDS ***
samyse posts small blind 10
ArthurD83 posts big blind 20
Dealt to manggy94 [9c 7s]
*** PRE-FLOP *** 
manggy94 folds
cyrval6214 folds
c-sa-k-c-bon raises 50 to 70
nast49C calls 70
stormas6 folds
musicabella folds
yohanesse folds
samyse folds
ArthurD83 calls 50
*** FLOP *** [6h Tc Td]
ArthurD83 bets 147
c-sa-k-c-bon folds
nast49C calls 147
*** TURN *** [6h Tc Td][2s]
ArthurD83 bets 386
nast49C folds
ArthurD83 collected 900 from pot
*** SUMMARY ***
Total pot 900 | No rake
Board: [6h Tc Td 2s]
Seat 3: ArthurD83 (big blind) won 900


Winamax Poker - Tournament "Freeroll" buyIn: Free level: 2 - HandId: #539623457755758651-2-1439040984 - Holdem no limit (20/40) - 2015/08/08 13:36:24 UTC
Table: 'Freeroll(125640877)#058' 9-max (real money) Seat #2 is the button
Seat 1: yohanesse (3000)
Seat 2: samyse (2990)
Seat 3: ArthurD83 (3297)
Seat 4: manggy94 (3000)
Seat 5: cyrval6214 (3000)
Seat 6: c-sa-k-c-bon (2930)
Seat 7: nast49C (2783)
Seat 8: stormas6 (3000)
Seat 9: musicabella (3000)
*** ANTE/BLINDS ***
ArthurD83 posts small blind 20
manggy94 posts big blind 40
Dealt to manggy94 [Kh Ad]
*** PRE-FLOP *** 
cyrval6214 folds
c-sa-k-c-bon folds
nast49C folds
stormas6 folds
musicabella folds
yohanesse folds
samyse folds
ArthurD83 calls 20
manggy94 checks
*** FLOP *** [6c 4d Jd]
ArthurD83 bets 220
manggy94 raises 520 to 740
ArthurD83 raises 1560 to 2300
manggy94 folds
ArthurD83 collected 3120 from pot
*** SUMMARY ***
Total pot 3120 | No rake
Board: [6c 4d Jd]
Seat 3: ArthurD83 (small blind) won 3120


Winamax Poker - Tournament "Freeroll" buyIn: Free level: 2 - HandId: #539623457755758651-3-1439041068 - Holdem no limit (20/40) - 2015/08/08 13:37:48 UTC
Table: 'Freeroll(125640877)#058' 9-max (real money) Seat #3 is the button
Seat 1: yohanesse (3000)
Seat 2: samyse (2990)
Seat 3: ArthurD83 (4077)
Seat 4: manggy94 (2220)
Seat 5: cyrval6214 (3000)
Seat 6: c-sa-k-c-bon (2930)
Seat 7: nast49C (2783)
Seat 8: stormas6 (3000)
Seat 9: balsamo31 (3000)
*** ANTE/BLINDS ***
manggy94 posts small blind 20
cyrval6214 posts big blind 40
Dealt to manggy94 [Td 5s]
*** PRE-FLOP *** 
c-sa-k-c-bon folds
nast49C calls 40
stormas6 folds
balsamo31 raises 80 to 120
yohanesse folds
samyse folds
ArthurD83 folds
manggy94 folds
cyrval6214 folds
nast49C calls 80
*** FLOP *** [Jc 4h As]
nast49C checks
balsamo31 bets 40
nast49C calls 40
*** TURN *** [Jc 4h As][Tc]
nast49C checks
balsamo31 bets 100
nast49C calls 100
*** RIVER *** [Jc 4h As Tc][Qs]
nast49C bets 387
balsamo31 calls 387
*** SHOW DOWN ***
nast49C shows [Qc 9s] (One pair : Queens)
balsamo31 shows [Th Jd] (Two pairs : Jacks and Tens)
balsamo31 collected 1354 from pot
*** SUMMARY ***
Total pot 1354 | No rake
Board: [Jc 4h As Tc Qs]
Seat 7: nast49C showed [Qc 9s] and lost with One pair : Queens
Seat 9: balsamo31 showed [Th Jd] and won 1354 with Two pairs : Jacks and Tens


Winamax Poker - Tournament "Freeroll" buyIn: Free level: 2 - HandId: #539623457755758651-4-1439041153 - Holdem no limit (20/40) - 2015/08/08 13:39:13 UTC
Table: 'Freeroll(125640877)#058' 9-max (real money) Seat #4 is the button
Seat 1: yohanesse (3000)
Seat 2: samyse (2990)
Seat 3: ArthurD83 (4077)
Seat 4: manggy94 (2200)
Seat 5: cyrval6214 (2960)
Seat 6: c-sa-k-c-bon (2930)
Seat 7: nast49C (2136)
Seat 8: cartus70 (2970)
Seat 9: balsamo31 (3707)
*** ANTE/BLINDS ***
cyrval6214 posts small blind 20
c-sa-k-c-bon posts big blind 40
Dealt to manggy94 [Ks Qh]
*** PRE-FLOP *** 
nast49C folds
cartus70 calls 40
balsamo31 raises 40 to 80
yohanesse folds
samyse folds
ArthurD83 calls 80
manggy94 raises 340 to 420
cyrval6214 folds
c-sa-k-c-bon folds
cartus70 calls 380
balsamo31 calls 340
ArthurD83 folds
*** FLOP *** [4s 3h 2d]
cartus70 checks
balsamo31 bets 1400
manggy94 calls 1400
cartus70 raises 1150 to 2550 and is all-in
balsamo31 calls 1150
manggy94 calls 380 and is all-in
*** TURN *** [4s 3h 2d][Kh]
*** RIVER *** [4s 3h 2d Kh][Qc]
*** SHOW DOWN ***
manggy94 shows [Ks Qh] (Two pairs : Kings and Queens)
balsamo31 shows [8h 8c] (One pair : 8)
cartus70 shows [As 5d] (Straight 5 high)
cartus70 collected 8280 from pot
*** SUMMARY ***
Total pot 8280 | No rake
Board: [4s 3h 2d Kh Qc]
Seat 4: manggy94 (button) showed [Ks Qh] and lost with Two pairs : Kings and Queens
Seat 8: cartus70 showed [As 5d] and won 8280 with Straight 5 high
Seat 9: balsamo31 showed [8h 8c] and lost with One pair : 8


