Winamax Poker - Tournament "KILL THE FISH" buyIn: 3,50€ + 1,50€ level: 6 - HandId: #572025648814489622-3-1445436112 - Holdem no limit (30/200/400) - 2015/10/21 14:01:52 UTC
Table: 'KILL THE FISH(133185100)#021' 9-max (real money) Seat #9 is the button
Seat 1: grandegulli (9540)
Seat 3: Corsicadream (9940)
Seat 4: non mais oh (10690)
Seat 5: TTFeh (10000)
Seat 6: lol.chatard (9740)
Seat 7: manggy94 (10000)
Seat 8: lulu9523 (10000)
Seat 9: polo31 (10090)
*** ANTE/BLINDS ***
grandegulli posts ante 30
Corsicadream posts ante 30
non mais oh posts ante 30
TTFeh posts ante 30
lol.chatard posts ante 30
manggy94 posts ante 30
lulu9523 posts ante 30
polo31 posts ante 30
grandegulli posts small blind 200
Corsicadream posts big blind 400
Dealt to manggy94 [3h 9d]
*** PRE-FLOP *** 
non mais oh raises 400 to 800
TTFeh folds
lol.chatard folds
manggy94 folds
lulu9523 folds
polo31 folds
grandegulli folds
Corsicadream calls 400
*** FLOP *** [3d Ac Qd]
Corsicadream checks
non mais oh bets 1200
Corsicadream calls 1200
*** TURN *** [3d Ac Qd][Tc]
Corsicadream checks
non mais oh bets 1400
Corsicadream raises 6510 to 7910 and is all-in
non mais oh raises 750 to 8660 and is all-in
*** RIVER *** [3d Ac Qd Tc][6s]
*** SHOW DOWN ***
Corsicadream shows [Td Ad] (Two pairs : Aces and Tens)
non mais oh shows [Ks Js] (Straight Ace high)
non mais oh collected 21010 from pot
*** SUMMARY ***
Total pot 21010 | No rake
Board: [3d Ac Qd Tc 6s]
Seat 3: Corsicadream (big blind) showed [Td Ad] and lost with Two pairs : Aces and Tens
Seat 4: non mais oh showed [Ks Js] and won 21010 with Straight Ace high


Winamax Poker - Tournament "KILL THE FISH" buyIn: 3,50€ + 1,50€ level: 7 - HandId: #572025648814489622-4-1445436185 - Holdem no limit (40/250/500) - 2015/10/21 14:03:05 UTC
Table: 'KILL THE FISH(133185100)#021' 9-max (real money) Seat #1 is the button
Seat 1: grandegulli (9310)
Seat 2: Ti.Chef (10000)
Seat 4: non mais oh (21010)
Seat 5: TTFeh (9970)
Seat 6: lol.chatard (9710)
Seat 7: manggy94 (9970)
Seat 8: lulu9523 (9970)
Seat 9: polo31 (10060)
*** ANTE/BLINDS ***
non mais oh posts ante 40
grandegulli posts ante 40
TTFeh posts ante 40
lol.chatard posts ante 40
manggy94 posts ante 40
lulu9523 posts ante 40
polo31 posts ante 40
non mais oh posts big blind 500
Dealt to manggy94 [9d 8c]
*** PRE-FLOP *** 
TTFeh folds
lol.chatard folds
manggy94 folds
lulu9523 folds
polo31 raises 750 to 1250
grandegulli folds
non mais oh raises 19720 to 20970 and is all-in
polo31 calls 8770 and is all-in
*** FLOP *** [3c Kd 2c]
*** TURN *** [3c Kd 2c][4c]
*** RIVER *** [3c Kd 2c 4c][As]
*** SHOW DOWN ***
polo31 shows [Jd Ks] (One pair : Kings)
non mais oh shows [Ac Ts] (One pair : Aces)
non mais oh collected 31270 from pot
*** SUMMARY ***
Total pot 31270 | No rake
Board: [3c Kd 2c 4c As]
Seat 4: non mais oh (big blind) showed [Ac Ts] and won 31270 with One pair : Aces
Seat 9: polo31 showed [Jd Ks] and lost with One pair : Kings


Winamax Poker - Tournament "KILL THE FISH" buyIn: 3,50€ + 1,50€ level: 7 - HandId: #572025648814489622-5-1445436229 - Holdem no limit (40/250/500) - 2015/10/21 14:03:49 UTC
Table: 'KILL THE FISH(133185100)#021' 9-max (real money) Seat #3 is the button
Seat 1: grandegulli (9270)
Seat 2: Ti.Chef (10000)
Seat 3: KowaBonga (20000)
Seat 4: non mais oh (31270)
Seat 5: TTFeh (9930)
Seat 6: lol.chatard (9670)
Seat 7: manggy94 (9930)
Seat 8: lulu9523 (9930)
*** ANTE/BLINDS ***
non mais oh posts ante 40
TTFeh posts ante 40
grandegulli posts ante 40
lol.chatard posts ante 40
manggy94 posts ante 40
lulu9523 posts ante 40
non mais oh posts small blind 250
TTFeh posts big blind 500
Dealt to manggy94 [Qh Ah]
*** PRE-FLOP *** 
lol.chatard folds
manggy94 raises 9390 to 9890 and is all-in
lulu9523 folds
grandegulli folds
non mais oh folds
TTFeh folds
manggy94 collected 10880 from pot
*** SUMMARY ***
Total pot 10880 | No rake
Seat 7: manggy94 won 10880


Winamax Poker - Tournament "KILL THE FISH" buyIn: 3,50€ + 1,50€ level: 7 - HandId: #572025648814489602-46-1445436326 - Holdem no limit (40/250/500) - 2015/10/21 14:05:26 UTC
Table: 'KILL THE FISH(133185100)#001' 9-max (real money) Seat #4 is the button
Seat 1: danifre (11490)
Seat 2: HalfDeadDonk (24231)
Seat 3: Ste Therese (31503)
Seat 4: RaiseMou (9100)
Seat 5: A.Stremilova (10711)
Seat 6: manggy94 (10880)
Seat 7: NjoyUrStay (33325)
Seat 8: deuf73 (22780)
Seat 9: Sir.WinALot (19470)
*** ANTE/BLINDS ***
A.Stremilova posts ante 40
manggy94 posts ante 40
danifre posts ante 40
HalfDeadDonk posts ante 40
Ste Therese posts ante 40
RaiseMou posts ante 40
NjoyUrStay posts ante 40
deuf73 posts ante 40
Sir.WinALot posts ante 40
A.Stremilova posts small blind 250
manggy94 posts big blind 500
Dealt to manggy94 [Ks 4s]
*** PRE-FLOP *** 
NjoyUrStay folds
deuf73 folds
Sir.WinALot raises 750 to 1250
danifre raises 750 to 2000
HalfDeadDonk folds
Ste Therese folds
RaiseMou folds
A.Stremilova folds
manggy94 folds
Sir.WinALot calls 750
*** FLOP *** [4c 8c 8s]
Sir.WinALot checks
danifre checks
*** TURN *** [4c 8c 8s][7d]
Sir.WinALot checks
danifre checks
*** RIVER *** [4c 8c 8s 7d][9c]
Sir.WinALot checks
danifre checks
*** SHOW DOWN ***
Sir.WinALot shows [Ad Js] (One pair : 8)
danifre shows [Kh As] (One pair : 8)
danifre collected 5110 from pot
*** SUMMARY ***
Total pot 5110 | No rake
Board: [4c 8c 8s 7d 9c]
Seat 1: danifre showed [Kh As] and won 5110 with One pair : 8
Seat 9: Sir.WinALot showed [Ad Js] and lost with One pair : 8


Winamax Poker - Tournament "KILL THE FISH" buyIn: 3,50€ + 1,50€ level: 7 - HandId: #572025648814489602-47-1445436382 - Holdem no limit (40/250/500) - 2015/10/21 14:06:22 UTC
Table: 'KILL THE FISH(133185100)#001' 9-max (real money) Seat #5 is the button
Seat 1: danifre (14560)
Seat 2: HalfDeadDonk (24191)
Seat 3: Ste Therese (31463)
Seat 4: RaiseMou (9060)
Seat 5: A.Stremilova (10421)
Seat 6: manggy94 (10340)
Seat 7: NjoyUrStay (33285)
Seat 8: deuf73 (22740)
Seat 9: Sir.WinALot (17430)
*** ANTE/BLINDS ***
manggy94 posts ante 40
NjoyUrStay posts ante 40
danifre posts ante 40
HalfDeadDonk posts ante 40
Ste Therese posts ante 40
RaiseMou posts ante 40
A.Stremilova posts ante 40
deuf73 posts ante 40
Sir.WinALot posts ante 40
manggy94 posts small blind 250
NjoyUrStay posts big blind 500
Dealt to manggy94 [4c 7h]
*** PRE-FLOP *** 
deuf73 folds
Sir.WinALot folds
danifre folds
HalfDeadDonk raises 730 to 1230
Ste Therese folds
RaiseMou folds
A.Stremilova folds
manggy94 folds
NjoyUrStay folds
HalfDeadDonk collected 2340 from pot
*** SUMMARY ***
Total pot 2340 | No rake
Seat 2: HalfDeadDonk won 2340


Winamax Poker - Tournament "KILL THE FISH" buyIn: 3,50€ + 1,50€ level: 7 - HandId: #572025648814489602-48-1445436428 - Holdem no limit (40/250/500) - 2015/10/21 14:07:08 UTC
Table: 'KILL THE FISH(133185100)#001' 9-max (real money) Seat #6 is the button
Seat 1: danifre (14520)
Seat 2: HalfDeadDonk (25261)
Seat 3: Ste Therese (31423)
Seat 4: RaiseMou (9020)
Seat 5: A.Stremilova (10381)
Seat 6: manggy94 (10050)
Seat 7: NjoyUrStay (32745)
Seat 8: deuf73 (22700)
Seat 9: Sir.WinALot (17390)
*** ANTE/BLINDS ***
NjoyUrStay posts ante 40
deuf73 posts ante 40
danifre posts ante 40
HalfDeadDonk posts ante 40
Ste Therese posts ante 40
RaiseMou posts ante 40
A.Stremilova posts ante 40
manggy94 posts ante 40
Sir.WinALot posts ante 40
NjoyUrStay posts small blind 250
deuf73 posts big blind 500
Dealt to manggy94 [Th Kc]
*** PRE-FLOP *** 
Sir.WinALot folds
danifre folds
HalfDeadDonk folds
Ste Therese folds
RaiseMou raises 560 to 1060
A.Stremilova folds
manggy94 folds
NjoyUrStay folds
deuf73 calls 560
*** FLOP *** [3h Ah 7d]
deuf73 checks
RaiseMou bets 1365
deuf73 folds
RaiseMou collected 4095 from pot
*** SUMMARY ***
Total pot 4095 | No rake
Board: [3h Ah 7d]
Seat 4: RaiseMou won 4095


Winamax Poker - Tournament "KILL THE FISH" buyIn: 3,50€ + 1,50€ level: 7 - HandId: #572025648814489602-49-1445436469 - Holdem no limit (40/250/500) - 2015/10/21 14:07:49 UTC
Table: 'KILL THE FISH(133185100)#001' 9-max (real money) Seat #7 is the button
Seat 1: danifre (14480)
Seat 2: HalfDeadDonk (25221)
Seat 3: Ste Therese (31383)
Seat 4: RaiseMou (10650)
Seat 5: A.Stremilova (10341)
Seat 6: manggy94 (10010)
Seat 7: NjoyUrStay (32455)
Seat 8: deuf73 (21600)
Seat 9: Sir.WinALot (17350)
*** ANTE/BLINDS ***
deuf73 posts ante 40
Sir.WinALot posts ante 40
danifre posts ante 40
HalfDeadDonk posts ante 40
Ste Therese posts ante 40
RaiseMou posts ante 40
A.Stremilova posts ante 40
manggy94 posts ante 40
NjoyUrStay posts ante 40
deuf73 posts small blind 250
Sir.WinALot posts big blind 500
Dealt to manggy94 [7h 8s]
*** PRE-FLOP *** 
danifre calls 500
HalfDeadDonk folds
Ste Therese folds
RaiseMou folds
A.Stremilova folds
manggy94 folds
NjoyUrStay folds
deuf73 calls 250
Sir.WinALot checks
*** FLOP *** [7d 4d 5h]
deuf73 checks
Sir.WinALot checks
danifre checks
*** TURN *** [7d 4d 5h][Ts]
deuf73 checks
Sir.WinALot bets 930
danifre folds
deuf73 folds
Sir.WinALot collected 2790 from pot
*** SUMMARY ***
Total pot 2790 | No rake
Board: [7d 4d 5h Ts]
Seat 9: Sir.WinALot (big blind) won 2790


Winamax Poker - Tournament "KILL THE FISH" buyIn: 3,50€ + 1,50€ level: 8 - HandId: #572025648814489602-50-1445436537 - Holdem no limit (60/300/600) - 2015/10/21 14:08:57 UTC
Table: 'KILL THE FISH(133185100)#001' 9-max (real money) Seat #8 is the button
Seat 1: danifre (13940)
Seat 2: HalfDeadDonk (25181)
Seat 3: Ste Therese (31343)
Seat 4: RaiseMou (10610)
Seat 5: A.Stremilova (10301)
Seat 6: manggy94 (9970)
Seat 7: NjoyUrStay (32415)
Seat 8: deuf73 (21060)
Seat 9: Sir.WinALot (18670)
*** ANTE/BLINDS ***
Sir.WinALot posts ante 60
danifre posts ante 60
HalfDeadDonk posts ante 60
Ste Therese posts ante 60
RaiseMou posts ante 60
A.Stremilova posts ante 60
manggy94 posts ante 60
NjoyUrStay posts ante 60
deuf73 posts ante 60
Sir.WinALot posts small blind 300
danifre posts big blind 600
Dealt to manggy94 [Qh 9c]
*** PRE-FLOP *** 
HalfDeadDonk folds
Ste Therese folds
RaiseMou raises 672 to 1272
A.Stremilova folds
manggy94 folds
NjoyUrStay folds
deuf73 folds
Sir.WinALot folds
danifre folds
RaiseMou collected 2712 from pot
*** SUMMARY ***
Total pot 2712 | No rake
Seat 4: RaiseMou won 2712


Winamax Poker - Tournament "KILL THE FISH" buyIn: 3,50€ + 1,50€ level: 8 - HandId: #572025648814489602-51-1445436570 - Holdem no limit (60/300/600) - 2015/10/21 14:09:30 UTC
Table: 'KILL THE FISH(133185100)#001' 9-max (real money) Seat #9 is the button
Seat 1: danifre (13280)
Seat 2: HalfDeadDonk (25121)
Seat 3: Ste Therese (31283)
Seat 4: RaiseMou (11990)
Seat 5: A.Stremilova (10241)
Seat 6: manggy94 (9910)
Seat 7: NjoyUrStay (32355)
Seat 8: deuf73 (21000)
Seat 9: Sir.WinALot (18310)
*** ANTE/BLINDS ***
danifre posts ante 60
HalfDeadDonk posts ante 60
Ste Therese posts ante 60
RaiseMou posts ante 60
A.Stremilova posts ante 60
manggy94 posts ante 60
NjoyUrStay posts ante 60
deuf73 posts ante 60
Sir.WinALot posts ante 60
danifre posts small blind 300
HalfDeadDonk posts big blind 600
Dealt to manggy94 [6c 8d]
*** PRE-FLOP *** 
Ste Therese folds
RaiseMou raises 672 to 1272
A.Stremilova folds
manggy94 folds
NjoyUrStay folds
deuf73 calls 1272
Sir.WinALot folds
danifre folds
HalfDeadDonk raises 23789 to 25061 and is all-in
RaiseMou calls 10658 and is all-in
deuf73 calls 19668 and is all-in
*** FLOP *** [Ac 3h 9d]
*** TURN *** [Ac 3h 9d][5s]
*** RIVER *** [Ac 3h 9d 5s][Ks]
*** SHOW DOWN ***
RaiseMou shows [Kc Ah] (Two pairs : Aces and Kings)
deuf73 shows [Ad Kd] (Two pairs : Aces and Kings)
HalfDeadDonk shows [Tc Ts] (One pair : Tens)
HalfDeadDonk collected 4121 from side pot 2
deuf73 collected 36335 from side pot 1
RaiseMou collected 18315 from main pot
*** SUMMARY ***
Total pot 58771 | No rake
Board: [Ac 3h 9d 5s Ks]
Seat 2: HalfDeadDonk (big blind) showed [Tc Ts] and won 4121 with One pair : Tens
Seat 4: RaiseMou showed [Kc Ah] and won 18315 with Two pairs : Aces and Kings
Seat 8: deuf73 showed [Ad Kd] and won 36335 with Two pairs : Aces and Kings


Winamax Poker - Tournament "KILL THE FISH" buyIn: 3,50€ + 1,50€ level: 8 - HandId: #572025648814489602-52-1445436631 - Holdem no limit (60/300/600) - 2015/10/21 14:10:31 UTC
Table: 'KILL THE FISH(133185100)#001' 9-max (real money) Seat #1 is the button
Seat 1: danifre (12920)
Seat 2: HalfDeadDonk (4121)
Seat 3: Ste Therese (31223)
Seat 4: RaiseMou (18315)
Seat 5: A.Stremilova (10181)
Seat 6: manggy94 (9850)
Seat 7: NjoyUrStay (32295)
Seat 8: deuf73 (36335)
Seat 9: Sir.WinALot (18250)
*** ANTE/BLINDS ***
HalfDeadDonk posts ante 60
Ste Therese posts ante 60
danifre posts ante 60
RaiseMou posts ante 60
A.Stremilova posts ante 60
manggy94 posts ante 60
NjoyUrStay posts ante 60
deuf73 posts ante 60
Sir.WinALot posts ante 60
HalfDeadDonk posts small blind 300
Ste Therese posts big blind 600
Dealt to manggy94 [Jh 4h]
*** PRE-FLOP *** 
RaiseMou folds
A.Stremilova folds
manggy94 folds
NjoyUrStay folds
deuf73 calls 600
Sir.WinALot raises 1800 to 2400
danifre calls 2400
HalfDeadDonk folds
Ste Therese folds
deuf73 calls 1800
*** FLOP *** [2h 3h 8d]
deuf73 checks
Sir.WinALot checks
danifre checks
*** TURN *** [2h 3h 8d][8c]
deuf73 bets 33875 and is all-in
Sir.WinALot folds
danifre folds
deuf73 collected 42515 from pot
*** SUMMARY ***
Total pot 42515 | No rake
Board: [2h 3h 8d 8c]
Seat 8: deuf73 won 42515


Winamax Poker - Tournament "KILL THE FISH" buyIn: 3,50€ + 1,50€ level: 8 - HandId: #572025648814489602-53-1445436716 - Holdem no limit (60/300/600) - 2015/10/21 14:11:56 UTC
Table: 'KILL THE FISH(133185100)#001' 9-max (real money) Seat #2 is the button
Seat 1: danifre (10460)
Seat 2: HalfDeadDonk (3761)
Seat 3: Ste Therese (30563)
Seat 4: RaiseMou (18255)
Seat 5: A.Stremilova (10121)
Seat 6: manggy94 (9790)
Seat 7: NjoyUrStay (32235)
Seat 8: deuf73 (42515)
Seat 9: Sir.WinALot (15790)
*** ANTE/BLINDS ***
Ste Therese posts ante 60
RaiseMou posts ante 60
danifre posts ante 60
HalfDeadDonk posts ante 60
A.Stremilova posts ante 60
manggy94 posts ante 60
NjoyUrStay posts ante 60
deuf73 posts ante 60
Sir.WinALot posts ante 60
Ste Therese posts small blind 300
RaiseMou posts big blind 600
Dealt to manggy94 [Kc 3h]
*** PRE-FLOP *** 
A.Stremilova folds
manggy94 folds
NjoyUrStay folds
deuf73 raises 1200 to 1800
Sir.WinALot folds
danifre folds
HalfDeadDonk folds
Ste Therese folds
RaiseMou folds
deuf73 collected 3240 from pot
*** SUMMARY ***
Total pot 3240 | No rake
Seat 8: deuf73 won 3240


Winamax Poker - Tournament "KILL THE FISH" buyIn: 3,50€ + 1,50€ level: 8 - HandId: #572025648814489602-54-1445436764 - Holdem no limit (60/300/600) - 2015/10/21 14:12:44 UTC
Table: 'KILL THE FISH(133185100)#001' 9-max (real money) Seat #3 is the button
Seat 1: danifre (10400)
Seat 2: HalfDeadDonk (3701)
Seat 3: Ste Therese (30203)
Seat 4: RaiseMou (17595)
Seat 5: A.Stremilova (10061)
Seat 6: manggy94 (9730)
Seat 7: NjoyUrStay (32175)
Seat 8: deuf73 (43895)
Seat 9: Sir.WinALot (15730)
*** ANTE/BLINDS ***
RaiseMou posts ante 60
A.Stremilova posts ante 60
danifre posts ante 60
HalfDeadDonk posts ante 60
Ste Therese posts ante 60
manggy94 posts ante 60
NjoyUrStay posts ante 60
deuf73 posts ante 60
Sir.WinALot posts ante 60
RaiseMou posts small blind 300
A.Stremilova posts big blind 600
Dealt to manggy94 [9s Ts]
*** PRE-FLOP *** 
manggy94 calls 600
NjoyUrStay folds
deuf73 raises 1200 to 1800
Sir.WinALot folds
danifre folds
HalfDeadDonk folds
Ste Therese folds
RaiseMou folds
A.Stremilova folds
manggy94 calls 1200
*** FLOP *** [6h 8d 4h]
manggy94 bets 3900
deuf73 raises 3900 to 7800
manggy94 folds
deuf73 collected 16740 from pot
*** SUMMARY ***
Total pot 16740 | No rake
Board: [6h 8d 4h]
Seat 8: deuf73 won 16740


Winamax Poker - Tournament "KILL THE FISH" buyIn: 3,50€ + 1,50€ level: 8 - HandId: #572025648814489602-55-1445436800 - Holdem no limit (60/300/600) - 2015/10/21 14:13:20 UTC
Table: 'KILL THE FISH(133185100)#001' 9-max (real money) Seat #4 is the button
Seat 1: danifre (10340)
Seat 2: HalfDeadDonk (3641)
Seat 3: Ste Therese (30143)
Seat 4: RaiseMou (17235)
Seat 5: A.Stremilova (9401)
Seat 6: manggy94 (3970)
Seat 7: NjoyUrStay (32115)
Seat 8: deuf73 (50975)
Seat 9: Sir.WinALot (15670)
*** ANTE/BLINDS ***
A.Stremilova posts ante 60
manggy94 posts ante 60
danifre posts ante 60
HalfDeadDonk posts ante 60
Ste Therese posts ante 60
RaiseMou posts ante 60
NjoyUrStay posts ante 60
deuf73 posts ante 60
Sir.WinALot posts ante 60
A.Stremilova posts small blind 300
manggy94 posts big blind 600
Dealt to manggy94 [4s 5h]
*** PRE-FLOP *** 
NjoyUrStay folds
deuf73 folds
Sir.WinALot folds
danifre calls 600
HalfDeadDonk folds
Ste Therese folds
RaiseMou folds
A.Stremilova folds
manggy94 checks
*** FLOP *** [5c 7s 8h]
manggy94 bets 3310 and is all-in
danifre calls 3310
*** TURN *** [5c 7s 8h][Jc]
*** RIVER *** [5c 7s 8h Jc][As]
*** SHOW DOWN ***
danifre shows [Qh 9c] (High card : Ace)
manggy94 shows [4s 5h] (One pair : 5)
manggy94 collected 8660 from pot
*** SUMMARY ***
Total pot 8660 | No rake
Board: [5c 7s 8h Jc As]
Seat 1: danifre showed [Qh 9c] and lost with High card : Ace
Seat 6: manggy94 (big blind) showed [4s 5h] and won 8660 with One pair : 5


Winamax Poker - Tournament "KILL THE FISH" buyIn: 3,50€ + 1,50€ level: 9 - HandId: #572025648814489602-56-1445436862 - Holdem no limit (75/400/800) - 2015/10/21 14:14:22 UTC
Table: 'KILL THE FISH(133185100)#001' 9-max (real money) Seat #5 is the button
Seat 1: danifre (6370)
Seat 2: HalfDeadDonk (3581)
Seat 3: Ste Therese (30083)
Seat 4: RaiseMou (17175)
Seat 5: A.Stremilova (9041)
Seat 6: manggy94 (8660)
Seat 7: NjoyUrStay (32055)
Seat 8: deuf73 (50915)
Seat 9: Sir.WinALot (15610)
*** ANTE/BLINDS ***
manggy94 posts ante 75
NjoyUrStay posts ante 75
danifre posts ante 75
HalfDeadDonk posts ante 75
Ste Therese posts ante 75
RaiseMou posts ante 75
A.Stremilova posts ante 75
deuf73 posts ante 75
Sir.WinALot posts ante 75
manggy94 posts small blind 400
NjoyUrStay posts big blind 800
Dealt to manggy94 [6h 9c]
*** PRE-FLOP *** 
deuf73 folds
Sir.WinALot folds
danifre folds
HalfDeadDonk folds
Ste Therese folds
RaiseMou raises 896 to 1696
A.Stremilova folds
manggy94 folds
NjoyUrStay folds
RaiseMou collected 3571 from pot
*** SUMMARY ***
Total pot 3571 | No rake
Seat 4: RaiseMou won 3571


Winamax Poker - Tournament "KILL THE FISH" buyIn: 3,50€ + 1,50€ level: 9 - HandId: #572025648814489602-57-1445436905 - Holdem no limit (75/400/800) - 2015/10/21 14:15:05 UTC
Table: 'KILL THE FISH(133185100)#001' 9-max (real money) Seat #6 is the button
Seat 1: danifre (6295)
Seat 2: HalfDeadDonk (3506)
Seat 3: Ste Therese (30008)
Seat 4: RaiseMou (18975)
Seat 5: A.Stremilova (8966)
Seat 6: manggy94 (8185)
Seat 7: NjoyUrStay (31180)
Seat 8: deuf73 (50840)
Seat 9: Sir.WinALot (15535)
*** ANTE/BLINDS ***
NjoyUrStay posts ante 75
deuf73 posts ante 75
danifre posts ante 75
HalfDeadDonk posts ante 75
Ste Therese posts ante 75
RaiseMou posts ante 75
A.Stremilova posts ante 75
manggy94 posts ante 75
Sir.WinALot posts ante 75
NjoyUrStay posts small blind 400
deuf73 posts big blind 800
Dealt to manggy94 [7s 6h]
*** PRE-FLOP *** 
Sir.WinALot folds
danifre raises 5420 to 6220 and is all-in
HalfDeadDonk folds
Ste Therese folds
RaiseMou folds
A.Stremilova raises 2671 to 8891 and is all-in
manggy94 folds
NjoyUrStay folds
deuf73 folds
*** FLOP *** [3c 5h Td]
*** TURN *** [3c 5h Td][5d]
*** RIVER *** [3c 5h Td 5d][Ac]
*** SHOW DOWN ***
danifre shows [9s Qs] (One pair : 5)
A.Stremilova shows [Qc Qd] (Two pairs : Queens and 5)
A.Stremilova collected 16986 from pot
*** SUMMARY ***
Total pot 16986 | No rake
Board: [3c 5h Td 5d Ac]
Seat 1: danifre showed [9s Qs] and lost with One pair : 5
Seat 5: A.Stremilova showed [Qc Qd] and won 16986 with Two pairs : Queens and 5


Winamax Poker - Tournament "KILL THE FISH" buyIn: 3,50€ + 1,50€ level: 9 - HandId: #572025648814489602-58-1445436937 - Holdem no limit (75/400/800) - 2015/10/21 14:15:37 UTC
Table: 'KILL THE FISH(133185100)#001' 9-max (real money) Seat #7 is the button
Seat 2: HalfDeadDonk (3431)
Seat 3: Ste Therese (29933)
Seat 4: RaiseMou (18900)
Seat 5: A.Stremilova (16986)
Seat 6: manggy94 (8110)
Seat 7: NjoyUrStay (30705)
Seat 8: deuf73 (49965)
Seat 9: Sir.WinALot (15460)
*** ANTE/BLINDS ***
deuf73 posts ante 75
Sir.WinALot posts ante 75
HalfDeadDonk posts ante 75
Ste Therese posts ante 75
RaiseMou posts ante 75
A.Stremilova posts ante 75
manggy94 posts ante 75
NjoyUrStay posts ante 75
deuf73 posts small blind 400
Sir.WinALot posts big blind 800
Dealt to manggy94 [4s 6s]
*** PRE-FLOP *** 
HalfDeadDonk folds
Ste Therese raises 800 to 1600
RaiseMou folds
A.Stremilova folds
manggy94 folds
NjoyUrStay folds
deuf73 folds
Sir.WinALot calls 800
*** FLOP *** [Ah Jh 5c]
Sir.WinALot checks
Ste Therese bets 2000
Sir.WinALot folds
Ste Therese collected 6200 from pot
*** SUMMARY ***
Total pot 6200 | No rake
Board: [Ah Jh 5c]
Seat 3: Ste Therese won 6200


Winamax Poker - Tournament "KILL THE FISH" buyIn: 3,50€ + 1,50€ level: 9 - HandId: #572025648814489602-59-1445436997 - Holdem no limit (75/400/800) - 2015/10/21 14:16:37 UTC
Table: 'KILL THE FISH(133185100)#001' 9-max (real money) Seat #8 is the button
Seat 2: HalfDeadDonk (3356)
Seat 3: Ste Therese (32458)
Seat 4: RaiseMou (18825)
Seat 5: A.Stremilova (16911)
Seat 6: manggy94 (8035)
Seat 7: NjoyUrStay (30630)
Seat 8: deuf73 (49490)
Seat 9: Sir.WinALot (13785)
*** ANTE/BLINDS ***
Sir.WinALot posts ante 75
HalfDeadDonk posts ante 75
Ste Therese posts ante 75
RaiseMou posts ante 75
A.Stremilova posts ante 75
manggy94 posts ante 75
NjoyUrStay posts ante 75
deuf73 posts ante 75
Sir.WinALot posts small blind 400
HalfDeadDonk posts big blind 800
Dealt to manggy94 [4s 7s]
*** PRE-FLOP *** 
Ste Therese folds
RaiseMou folds
A.Stremilova folds
manggy94 folds
NjoyUrStay raises 800 to 1600
deuf73 calls 1600
Sir.WinALot folds
HalfDeadDonk raises 1681 to 3281 and is all-in
NjoyUrStay raises 27274 to 30555 and is all-in
deuf73 folds
*** FLOP *** [Kh Ks 3c]
*** TURN *** [Kh Ks 3c][Qs]
*** RIVER *** [Kh Ks 3c Qs][8h]
*** SHOW DOWN ***
HalfDeadDonk shows [8s 8c] (Full of 8 and Kings)
NjoyUrStay shows [7h As] (One pair : Kings)
NjoyUrStay collected 27274 from side pot 1
HalfDeadDonk collected 9162 from main pot
*** SUMMARY ***
Total pot 36436 | No rake
Board: [Kh Ks 3c Qs 8h]
Seat 2: HalfDeadDonk (big blind) showed [8s 8c] and won 9162 with Full of 8 and Kings
Seat 7: NjoyUrStay showed [7h As] and won 27274 with One pair : Kings


Winamax Poker - Tournament "KILL THE FISH" buyIn: 3,50€ + 1,50€ level: 9 - HandId: #572025648814489602-60-1445437048 - Holdem no limit (75/400/800) - 2015/10/21 14:17:28 UTC
Table: 'KILL THE FISH(133185100)#001' 9-max (real money) Seat #9 is the button
Seat 1: ibra68 (32581)
Seat 2: HalfDeadDonk (9162)
Seat 3: Ste Therese (32383)
Seat 4: RaiseMou (18750)
Seat 5: A.Stremilova (16836)
Seat 6: manggy94 (7960)
Seat 7: NjoyUrStay (27274)
Seat 8: deuf73 (47815)
Seat 9: Sir.WinALot (13310)
*** ANTE/BLINDS ***
HalfDeadDonk posts ante 75
Ste Therese posts ante 75
RaiseMou posts ante 75
A.Stremilova posts ante 75
manggy94 posts ante 75
NjoyUrStay posts ante 75
deuf73 posts ante 75
Sir.WinALot posts ante 75
HalfDeadDonk posts small blind 400
Ste Therese posts big blind 800
Dealt to manggy94 [6c 4s]
*** PRE-FLOP *** 
RaiseMou folds
A.Stremilova folds
manggy94 folds
NjoyUrStay folds
deuf73 calls 800
Sir.WinALot folds
HalfDeadDonk raises 8287 to 9087 and is all-in
Ste Therese raises 18913 to 28000
deuf73 folds
*** FLOP *** [Td Th 2d]
*** TURN *** [Td Th 2d][3h]
*** RIVER *** [Td Th 2d 3h][7d]
*** SHOW DOWN ***
HalfDeadDonk shows [Ad Qs] (One pair : Tens)
Ste Therese shows [Ah Kd] (One pair : Tens)
Ste Therese collected 38487 from pot
*** SUMMARY ***
Total pot 38487 | No rake
Board: [Td Th 2d 3h 7d]
Seat 2: HalfDeadDonk (small blind) showed [Ad Qs] and lost with One pair : Tens
Seat 3: Ste Therese (big blind) showed [Ah Kd] and won 38487 with One pair : Tens


Winamax Poker - Tournament "KILL THE FISH" buyIn: 3,50€ + 1,50€ level: 9 - HandId: #572025648814489602-61-1445437110 - Holdem no limit (75/400/800) - 2015/10/21 14:18:30 UTC
Table: 'KILL THE FISH(133185100)#001' 9-max (real money) Seat #2 is the button
Seat 1: ibra68 (32581)
Seat 3: Ste Therese (42795)
Seat 4: RaiseMou (18675)
Seat 5: A.Stremilova (16761)
Seat 6: manggy94 (7885)
Seat 7: NjoyUrStay (27199)
Seat 8: deuf73 (46940)
Seat 9: Sir.WinALot (13235)
*** ANTE/BLINDS ***
Ste Therese posts ante 75
RaiseMou posts ante 75
A.Stremilova posts ante 75
manggy94 posts ante 75
NjoyUrStay posts ante 75
deuf73 posts ante 75
Sir.WinALot posts ante 75
Ste Therese posts small blind 400
RaiseMou posts big blind 800
Dealt to manggy94 [2d Qh]
*** PRE-FLOP *** 
A.Stremilova folds
manggy94 folds
NjoyUrStay folds
deuf73 calls 800
Sir.WinALot folds
Ste Therese folds
RaiseMou checks
*** FLOP *** [5h 7d 2s]
RaiseMou checks
deuf73 bets 1263
RaiseMou folds
deuf73 collected 3788 from pot
*** SUMMARY ***
Total pot 3788 | No rake
Board: [5h 7d 2s]
Seat 8: deuf73 won 3788


Winamax Poker - Tournament "KILL THE FISH" buyIn: 3,50€ + 1,50€ level: 9 - HandId: #572025648814489602-62-1445437154 - Holdem no limit (75/400/800) - 2015/10/21 14:19:14 UTC
Table: 'KILL THE FISH(133185100)#001' 9-max (real money) Seat #3 is the button
Seat 1: ibra68 (32581)
Seat 3: Ste Therese (42320)
Seat 4: RaiseMou (17800)
Seat 5: A.Stremilova (16686)
Seat 6: manggy94 (7810)
Seat 7: NjoyUrStay (27124)
Seat 8: deuf73 (48590)
Seat 9: Sir.WinALot (13160)
*** ANTE/BLINDS ***
RaiseMou posts ante 75
A.Stremilova posts ante 75
ibra68 posts ante 75
Ste Therese posts ante 75
manggy94 posts ante 75
NjoyUrStay posts ante 75
deuf73 posts ante 75
Sir.WinALot posts ante 75
RaiseMou posts small blind 400
A.Stremilova posts big blind 800
Dealt to manggy94 [Js Jc]
*** PRE-FLOP *** 
manggy94 raises 6935 to 7735 and is all-in
NjoyUrStay folds
deuf73 folds
Sir.WinALot folds
ibra68 folds
Ste Therese folds
RaiseMou folds
A.Stremilova folds
manggy94 collected 9535 from pot
*** SUMMARY ***
Total pot 9535 | No rake
Seat 6: manggy94 won 9535


Winamax Poker - Tournament "KILL THE FISH" buyIn: 3,50€ + 1,50€ level: 9 - HandId: #572025648814489602-63-1445437180 - Holdem no limit (75/400/800) - 2015/10/21 14:19:40 UTC
Table: 'KILL THE FISH(133185100)#001' 9-max (real money) Seat #4 is the button
Seat 1: ibra68 (32506)
Seat 3: Ste Therese (42245)
Seat 4: RaiseMou (17325)
Seat 5: A.Stremilova (15811)
Seat 6: manggy94 (9535)
Seat 7: NjoyUrStay (27049)
Seat 8: deuf73 (48515)
Seat 9: Sir.WinALot (13085)
*** ANTE/BLINDS ***
A.Stremilova posts ante 75
manggy94 posts ante 75
ibra68 posts ante 75
Ste Therese posts ante 75
RaiseMou posts ante 75
NjoyUrStay posts ante 75
deuf73 posts ante 75
Sir.WinALot posts ante 75
A.Stremilova posts small blind 400
manggy94 posts big blind 800
Dealt to manggy94 [Jd 7c]
*** PRE-FLOP *** 
NjoyUrStay folds
deuf73 folds
Sir.WinALot folds
ibra68 raises 1600 to 2400
Ste Therese folds
RaiseMou folds
A.Stremilova folds
manggy94 folds
ibra68 collected 4200 from pot
*** SUMMARY ***
Total pot 4200 | No rake
Seat 1: ibra68 won 4200


Winamax Poker - Tournament "KILL THE FISH" buyIn: 3,50€ + 1,50€ level: 10 - HandId: #572025648814489602-64-1445437207 - Holdem no limit (100/500/1000) - 2015/10/21 14:20:07 UTC
Table: 'KILL THE FISH(133185100)#001' 9-max (real money) Seat #5 is the button
Seat 1: ibra68 (34231)
Seat 3: Ste Therese (42170)
Seat 4: RaiseMou (17250)
Seat 5: A.Stremilova (15336)
Seat 6: manggy94 (8660)
Seat 7: NjoyUrStay (26974)
Seat 8: deuf73 (48440)
Seat 9: Sir.WinALot (13010)
*** ANTE/BLINDS ***
manggy94 posts ante 100
NjoyUrStay posts ante 100
ibra68 posts ante 100
Ste Therese posts ante 100
RaiseMou posts ante 100
A.Stremilova posts ante 100
deuf73 posts ante 100
Sir.WinALot posts ante 100
manggy94 posts small blind 500
NjoyUrStay posts big blind 1000
Dealt to manggy94 [8c 9h]
*** PRE-FLOP *** 
deuf73 raises 2000 to 3000
Sir.WinALot folds
ibra68 folds
Ste Therese folds
RaiseMou folds
A.Stremilova folds
manggy94 folds
NjoyUrStay folds
deuf73 collected 5300 from pot
*** SUMMARY ***
Total pot 5300 | No rake
Seat 8: deuf73 won 5300


Winamax Poker - Tournament "KILL THE FISH" buyIn: 3,50€ + 1,50€ level: 10 - HandId: #572025648814489602-65-1445437262 - Holdem no limit (100/500/1000) - 2015/10/21 14:21:02 UTC
Table: 'KILL THE FISH(133185100)#001' 9-max (real money) Seat #6 is the button
Seat 1: ibra68 (34131)
Seat 3: Ste Therese (42070)
Seat 4: RaiseMou (17150)
Seat 5: A.Stremilova (15236)
Seat 6: manggy94 (8060)
Seat 7: NjoyUrStay (25874)
Seat 8: deuf73 (50640)
Seat 9: Sir.WinALot (12910)
*** ANTE/BLINDS ***
NjoyUrStay posts ante 100
deuf73 posts ante 100
ibra68 posts ante 100
Ste Therese posts ante 100
RaiseMou posts ante 100
A.Stremilova posts ante 100
manggy94 posts ante 100
Sir.WinALot posts ante 100
NjoyUrStay posts small blind 500
deuf73 posts big blind 1000
Dealt to manggy94 [Kc 9d]
*** PRE-FLOP *** 
Sir.WinALot raises 11810 to 12810 and is all-in
ibra68 folds
Ste Therese folds
RaiseMou folds
A.Stremilova folds
manggy94 folds
NjoyUrStay folds
deuf73 calls 11810
*** FLOP *** [As 7s Th]
*** TURN *** [As 7s Th][3d]
*** RIVER *** [As 7s Th 3d][8c]
*** SHOW DOWN ***
deuf73 shows [9s Ts] (One pair : Tens)
Sir.WinALot shows [Qc Ah] (One pair : Aces)
Sir.WinALot collected 26920 from pot
*** SUMMARY ***
Total pot 26920 | No rake
Board: [As 7s Th 3d 8c]
Seat 8: deuf73 (big blind) showed [9s Ts] and lost with One pair : Tens
Seat 9: Sir.WinALot showed [Qc Ah] and won 26920 with One pair : Aces


Winamax Poker - Tournament "KILL THE FISH" buyIn: 3,50€ + 1,50€ level: 10 - HandId: #572025648814489602-66-1445437308 - Holdem no limit (100/500/1000) - 2015/10/21 14:21:48 UTC
Table: 'KILL THE FISH(133185100)#001' 9-max (real money) Seat #7 is the button
Seat 1: ibra68 (34031)
Seat 3: Ste Therese (41970)
Seat 4: RaiseMou (17050)
Seat 5: A.Stremilova (15136)
Seat 6: manggy94 (7960)
Seat 7: NjoyUrStay (25274)
Seat 8: deuf73 (37730)
Seat 9: Sir.WinALot (26920)
*** ANTE/BLINDS ***
deuf73 posts ante 100
Sir.WinALot posts ante 100
ibra68 posts ante 100
Ste Therese posts ante 100
RaiseMou posts ante 100
A.Stremilova posts ante 100
manggy94 posts ante 100
NjoyUrStay posts ante 100
deuf73 posts small blind 500
Sir.WinALot posts big blind 1000
Dealt to manggy94 [8d Ah]
*** PRE-FLOP *** 
ibra68 folds
Ste Therese folds
RaiseMou folds
A.Stremilova folds
manggy94 raises 6860 to 7860 and is all-in
NjoyUrStay folds
deuf73 folds
Sir.WinALot calls 6860
*** FLOP *** [Ac 7s Kd]
*** TURN *** [Ac 7s Kd][6d]
*** RIVER *** [Ac 7s Kd 6d][5c]
*** SHOW DOWN ***
Sir.WinALot shows [4s As] (One pair : Aces)
manggy94 shows [8d Ah] (One pair : Aces)
manggy94 collected 17020 from pot
*** SUMMARY ***
Total pot 17020 | No rake
Board: [Ac 7s Kd 6d 5c]
Seat 6: manggy94 showed [8d Ah] and won 17020 with One pair : Aces
Seat 9: Sir.WinALot (big blind) showed [4s As] and lost with One pair : Aces


Winamax Poker - Tournament "KILL THE FISH" buyIn: 3,50€ + 1,50€ level: 10 - HandId: #572025648814489602-67-1445437346 - Holdem no limit (100/500/1000) - 2015/10/21 14:22:26 UTC
Table: 'KILL THE FISH(133185100)#001' 9-max (real money) Seat #8 is the button
Seat 1: ibra68 (33931)
Seat 3: Ste Therese (41870)
Seat 4: RaiseMou (16950)
Seat 5: A.Stremilova (15036)
Seat 6: manggy94 (17020)
Seat 7: NjoyUrStay (25174)
Seat 8: deuf73 (37130)
Seat 9: Sir.WinALot (18960)
*** ANTE/BLINDS ***
Sir.WinALot posts ante 100
ibra68 posts ante 100
Ste Therese posts ante 100
RaiseMou posts ante 100
A.Stremilova posts ante 100
manggy94 posts ante 100
NjoyUrStay posts ante 100
deuf73 posts ante 100
Sir.WinALot posts small blind 500
ibra68 posts big blind 1000
Dealt to manggy94 [9c 5h]
*** PRE-FLOP *** 
Ste Therese raises 1000 to 2000
RaiseMou folds
A.Stremilova folds
manggy94 folds
NjoyUrStay raises 2500 to 4500
deuf73 raises 32530 to 37030 and is all-in
Sir.WinALot folds
ibra68 folds
Ste Therese folds
NjoyUrStay calls 20574 and is all-in
*** FLOP *** [7s Qd 7c]
*** TURN *** [7s Qd 7c][4c]
*** RIVER *** [7s Qd 7c 4c][Ks]
*** SHOW DOWN ***
NjoyUrStay shows [Ac As] (Two pairs : Aces and 7)
deuf73 shows [Qh Qs] (Full of Queens and 7)
deuf73 collected 66404 from pot
*** SUMMARY ***
Total pot 66404 | No rake
Board: [7s Qd 7c 4c Ks]
Seat 7: NjoyUrStay showed [Ac As] and lost with Two pairs : Aces and 7
Seat 8: deuf73 (button) showed [Qh Qs] and won 66404 with Full of Queens and 7


Winamax Poker - Tournament "KILL THE FISH" buyIn: 3,50€ + 1,50€ level: 10 - HandId: #572025648814489602-68-1445437380 - Holdem no limit (100/500/1000) - 2015/10/21 14:23:00 UTC
Table: 'KILL THE FISH(133185100)#001' 9-max (real money) Seat #9 is the button
Seat 1: ibra68 (32831)
Seat 3: Ste Therese (39770)
Seat 4: RaiseMou (16850)
Seat 5: A.Stremilova (14936)
Seat 6: manggy94 (16920)
Seat 8: deuf73 (66404)
Seat 9: Sir.WinALot (18360)
*** ANTE/BLINDS ***
ibra68 posts ante 100
Ste Therese posts ante 100
RaiseMou posts ante 100
A.Stremilova posts ante 100
manggy94 posts ante 100
deuf73 posts ante 100
Sir.WinALot posts ante 100
ibra68 posts small blind 500
Ste Therese posts big blind 1000
Dealt to manggy94 [4d Jh]
*** PRE-FLOP *** 
RaiseMou raises 1120 to 2120
A.Stremilova folds
manggy94 folds
deuf73 folds
Sir.WinALot raises 16140 to 18260 and is all-in
ibra68 folds
Ste Therese folds
RaiseMou calls 14630 and is all-in
*** FLOP *** [8h 2d 5d]
*** TURN *** [8h 2d 5d][2h]
*** RIVER *** [8h 2d 5d 2h][Ts]
*** SHOW DOWN ***
RaiseMou shows [Qd Kh] (One pair : 2)
Sir.WinALot shows [Qs Ah] (One pair : 2)
Sir.WinALot collected 37210 from pot
*** SUMMARY ***
Total pot 37210 | No rake
Board: [8h 2d 5d 2h Ts]
Seat 4: RaiseMou showed [Qd Kh] and lost with One pair : 2
Seat 9: Sir.WinALot (button) showed [Qs Ah] and won 37210 with One pair : 2


Winamax Poker - Tournament "KILL THE FISH" buyIn: 3,50€ + 1,50€ level: 10 - HandId: #572025648814489602-69-1445437435 - Holdem no limit (100/500/1000) - 2015/10/21 14:23:55 UTC
Table: 'KILL THE FISH(133185100)#001' 9-max (real money) Seat #1 is the button
Seat 1: ibra68 (32231)
Seat 2: tarifapirat. (28543)
Seat 3: Ste Therese (38670)
Seat 5: A.Stremilova (14836)
Seat 6: manggy94 (16820)
Seat 8: deuf73 (66304)
Seat 9: Sir.WinALot (37210)
*** ANTE/BLINDS ***
Ste Therese posts ante 100
A.Stremilova posts ante 100
ibra68 posts ante 100
manggy94 posts ante 100
deuf73 posts ante 100
Sir.WinALot posts ante 100
Ste Therese posts small blind 500
A.Stremilova posts big blind 1000
Dealt to manggy94 [2h 6h]
*** PRE-FLOP *** 
manggy94 folds
deuf73 calls 1000
Sir.WinALot folds
ibra68 calls 1000
Ste Therese folds
A.Stremilova raises 13736 to 14736 and is all-in
deuf73 folds
ibra68 calls 13736
*** FLOP *** [8h 8s 6c]
*** TURN *** [8h 8s 6c][Kh]
*** RIVER *** [8h 8s 6c Kh][Kc]
*** SHOW DOWN ***
A.Stremilova shows [Th As] (Two pairs : Kings and 8)
ibra68 shows [8d Ad] (Full of 8 and Kings)
ibra68 collected 31572 from pot
*** SUMMARY ***
Total pot 31572 | No rake
Board: [8h 8s 6c Kh Kc]
Seat 1: ibra68 (button) showed [8d Ad] and won 31572 with Full of 8 and Kings
Seat 5: A.Stremilova (big blind) showed [Th As] and lost with Two pairs : Kings and 8


Winamax Poker - Tournament "KILL THE FISH" buyIn: 3,50€ + 1,50€ level: 10 - HandId: #572025648814489602-70-1445437525 - Holdem no limit (100/500/1000) - 2015/10/21 14:25:25 UTC
Table: 'KILL THE FISH(133185100)#001' 9-max (real money) Seat #3 is the button
Seat 1: ibra68 (48967)
Seat 2: tarifapirat. (28543)
Seat 3: Ste Therese (38070)
Seat 6: manggy94 (16720)
Seat 7: --_DALI_-- (18945)
Seat 8: deuf73 (65204)
Seat 9: Sir.WinALot (37110)
*** ANTE/BLINDS ***
manggy94 posts ante 100
ibra68 posts ante 100
tarifapirat. posts ante 100
Ste Therese posts ante 100
--_DALI_-- posts ante 100
deuf73 posts ante 100
Sir.WinALot posts ante 100
manggy94 posts big blind 1000
Dealt to manggy94 [Qd Qc]
*** PRE-FLOP *** 
--_DALI_-- raises 1000 to 2000
deuf73 folds
Sir.WinALot folds
ibra68 folds
tarifapirat. folds
Ste Therese folds
manggy94 raises 14620 to 16620 and is all-in
--_DALI_-- calls 14620
*** FLOP *** [3s Kd 5h]
*** TURN *** [3s Kd 5h][4c]
*** RIVER *** [3s Kd 5h 4c][5d]
*** SHOW DOWN ***
--_DALI_-- shows [8h As] (One pair : 5)
manggy94 shows [Qd Qc] (Two pairs : Queens and 5)
manggy94 collected 33940 from pot
*** SUMMARY ***
Total pot 33940 | No rake
Board: [3s Kd 5h 4c 5d]
Seat 6: manggy94 (big blind) showed [Qd Qc] and won 33940 with Two pairs : Queens and 5
Seat 7: --_DALI_-- showed [8h As] and lost with One pair : 5


Winamax Poker - Tournament "KILL THE FISH" buyIn: 3,50€ + 1,50€ level: 10 - HandId: #572025648814489602-71-1445437548 - Holdem no limit (100/500/1000) - 2015/10/21 14:25:48 UTC
Table: 'KILL THE FISH(133185100)#001' 9-max (real money) Seat #5 is the button
Seat 1: ibra68 (48867)
Seat 2: tarifapirat. (28443)
Seat 3: Ste Therese (37970)
Seat 6: manggy94 (33940)
Seat 7: --_DALI_-- (2225)
Seat 8: deuf73 (65104)
Seat 9: Sir.WinALot (37010)
*** ANTE/BLINDS ***
manggy94 posts ante 100
--_DALI_-- posts ante 100
ibra68 posts ante 100
tarifapirat. posts ante 100
Ste Therese posts ante 100
deuf73 posts ante 100
Sir.WinALot posts ante 100
manggy94 posts small blind 500
--_DALI_-- posts big blind 1000
Dealt to manggy94 [Ks Qh]
*** PRE-FLOP *** 
deuf73 calls 1000
Sir.WinALot folds
ibra68 folds
tarifapirat. folds
Ste Therese folds
manggy94 calls 500
--_DALI_-- raises 1125 to 2125 and is all-in
deuf73 calls 1125
manggy94 calls 1125
*** FLOP *** [Kh Qs 9d]
manggy94 checks
deuf73 checks
*** TURN *** [Kh Qs 9d][4c]
manggy94 bets 7075
deuf73 folds
*** RIVER *** [Kh Qs 9d 4c][3s]
*** SHOW DOWN ***
--_DALI_-- shows [Jc Kc] (One pair : Kings)
manggy94 shows [Ks Qh] (Two pairs : Kings and Queens)
manggy94 collected 14150 from pot
*** SUMMARY ***
Total pot 14150 | No rake
Board: [Kh Qs 9d 4c 3s]
Seat 6: manggy94 (small blind) showed [Ks Qh] and won 14150 with Two pairs : Kings and Queens
Seat 7: --_DALI_-- (big blind) showed [Jc Kc] and lost with One pair : Kings


Winamax Poker - Tournament "KILL THE FISH" buyIn: 3,50€ + 1,50€ level: 11 - HandId: #572025648814489602-72-1445437586 - Holdem no limit (150/600/1200) - 2015/10/21 14:26:26 UTC
Table: 'KILL THE FISH(133185100)#001' 9-max (real money) Seat #6 is the button
Seat 1: ibra68 (48767)
Seat 2: tarifapirat. (28343)
Seat 3: Ste Therese (37870)
Seat 6: manggy94 (38790)
Seat 8: deuf73 (62879)
Seat 9: Sir.WinALot (36910)
*** ANTE/BLINDS ***
deuf73 posts ante 150
ibra68 posts ante 150
tarifapirat. posts ante 150
Ste Therese posts ante 150
manggy94 posts ante 150
Sir.WinALot posts ante 150
deuf73 posts big blind 1200
Dealt to manggy94 [8h Qc]
*** PRE-FLOP *** 
Sir.WinALot folds
ibra68 calls 1200
tarifapirat. folds
Ste Therese calls 1200
manggy94 folds
deuf73 raises 2400 to 3600
ibra68 calls 2400
Ste Therese folds
*** FLOP *** [4h 3h Ad]
deuf73 checks
ibra68 checks
*** TURN *** [4h 3h Ad][Kc]
deuf73 checks
ibra68 checks
*** RIVER *** [4h 3h Ad Kc][7h]
deuf73 checks
ibra68 checks
*** SHOW DOWN ***
ibra68 shows [6d 7d] (One pair : 7)
deuf73 shows [Jc Jd] (One pair : Jacks)
deuf73 collected 9300 from pot
*** SUMMARY ***
Total pot 9300 | No rake
Board: [4h 3h Ad Kc 7h]
Seat 1: ibra68 showed [6d 7d] and lost with One pair : 7
Seat 8: deuf73 (big blind) showed [Jc Jd] and won 9300 with One pair : Jacks


Winamax Poker - Tournament "KILL THE FISH" buyIn: 3,50€ + 1,50€ level: 11 - HandId: #572025648814489602-73-1445437621 - Holdem no limit (150/600/1200) - 2015/10/21 14:27:01 UTC
Table: 'KILL THE FISH(133185100)#001' 9-max (real money) Seat #7 is the button
Seat 1: ibra68 (45017)
Seat 2: tarifapirat. (28193)
Seat 3: Ste Therese (36520)
Seat 6: manggy94 (38640)
Seat 8: deuf73 (68429)
Seat 9: Sir.WinALot (36760)
*** ANTE/BLINDS ***
deuf73 posts ante 150
Sir.WinALot posts ante 150
ibra68 posts ante 150
tarifapirat. posts ante 150
Ste Therese posts ante 150
manggy94 posts ante 150
deuf73 posts small blind 600
Sir.WinALot posts big blind 1200
Dealt to manggy94 [9d 7h]
*** PRE-FLOP *** 
ibra68 folds
tarifapirat. folds
Ste Therese folds
manggy94 folds
deuf73 calls 600
Sir.WinALot raises 2400 to 3600
deuf73 folds
Sir.WinALot collected 5700 from pot
*** SUMMARY ***
Total pot 5700 | No rake
Seat 9: Sir.WinALot (big blind) won 5700


Winamax Poker - Tournament "KILL THE FISH" buyIn: 3,50€ + 1,50€ level: 11 - HandId: #572025648814489602-74-1445437645 - Holdem no limit (150/600/1200) - 2015/10/21 14:27:25 UTC
Table: 'KILL THE FISH(133185100)#001' 9-max (real money) Seat #8 is the button
Seat 1: ibra68 (44867)
Seat 2: tarifapirat. (28043)
Seat 3: Ste Therese (36370)
Seat 6: manggy94 (38490)
Seat 8: deuf73 (67079)
Seat 9: Sir.WinALot (38710)
*** ANTE/BLINDS ***
Sir.WinALot posts ante 150
ibra68 posts ante 150
tarifapirat. posts ante 150
Ste Therese posts ante 150
manggy94 posts ante 150
deuf73 posts ante 150
Sir.WinALot posts small blind 600
ibra68 posts big blind 1200
Dealt to manggy94 [Jh Th]
*** PRE-FLOP *** 
tarifapirat. folds
Ste Therese raises 2400 to 3600
manggy94 calls 3600
deuf73 folds
Sir.WinALot folds
ibra68 folds
*** FLOP *** [5d 5s 6d]
Ste Therese checks
manggy94 checks
*** TURN *** [5d 5s 6d][Ks]
Ste Therese bets 9900
manggy94 folds
Ste Therese collected 19800 from pot
*** SUMMARY ***
Total pot 19800 | No rake
Board: [5d 5s 6d Ks]
Seat 3: Ste Therese won 19800


Winamax Poker - Tournament "KILL THE FISH" buyIn: 3,50€ + 1,50€ level: 11 - HandId: #572025648814489602-75-1445437681 - Holdem no limit (150/600/1200) - 2015/10/21 14:28:01 UTC
Table: 'KILL THE FISH(133185100)#001' 9-max (real money) Seat #9 is the button
Seat 1: ibra68 (43517)
Seat 2: tarifapirat. (27893)
Seat 3: Ste Therese (42520)
Seat 4: flowzo86 (27452)
Seat 5: mariposa32 (29284)
Seat 6: manggy94 (34740)
Seat 8: deuf73 (66929)
Seat 9: Sir.WinALot (37960)
*** ANTE/BLINDS ***
ibra68 posts ante 150
tarifapirat. posts ante 150
Ste Therese posts ante 150
flowzo86 posts ante 150
mariposa32 posts ante 150
manggy94 posts ante 150
deuf73 posts ante 150
Sir.WinALot posts ante 150
ibra68 posts small blind 600
tarifapirat. posts big blind 1200
Dealt to manggy94 [Qd Ad]
*** PRE-FLOP *** 
Ste Therese folds
flowzo86 raises 2400 to 3600
mariposa32 calls 3600
manggy94 calls 3600
deuf73 folds
Sir.WinALot raises 34210 to 37810 and is all-in
ibra68 folds
tarifapirat. folds
flowzo86 calls 23702 and is all-in
mariposa32 folds
manggy94 folds
*** FLOP *** [9s 3d 6s]
*** TURN *** [9s 3d 6s][4c]
*** RIVER *** [9s 3d 6s 4c][6h]
*** SHOW DOWN ***
flowzo86 shows [Ac Kc] (One pair : 6)
Sir.WinALot shows [Qh Qc] (Two pairs : Queens and 6)
Sir.WinALot collected 75312 from pot
*** SUMMARY ***
Total pot 75312 | No rake
Board: [9s 3d 6s 4c 6h]
Seat 4: flowzo86 showed [Ac Kc] and lost with One pair : 6
Seat 9: Sir.WinALot (button) showed [Qh Qc] and won 75312 with Two pairs : Queens and 6


Winamax Poker - Tournament "KILL THE FISH" buyIn: 3,50€ + 1,50€ level: 11 - HandId: #572025648814489602-76-1445437727 - Holdem no limit (150/600/1200) - 2015/10/21 14:28:47 UTC
Table: 'KILL THE FISH(133185100)#001' 9-max (real money) Seat #1 is the button
Seat 1: ibra68 (42767)
Seat 2: tarifapirat. (26543)
Seat 3: Ste Therese (42370)
Seat 5: mariposa32 (25534)
Seat 6: manggy94 (30990)
Seat 8: deuf73 (66779)
Seat 9: Sir.WinALot (75312)
*** ANTE/BLINDS ***
tarifapirat. posts ante 150
Ste Therese posts ante 150
ibra68 posts ante 150
mariposa32 posts ante 150
manggy94 posts ante 150
deuf73 posts ante 150
Sir.WinALot posts ante 150
tarifapirat. posts small blind 600
Ste Therese posts big blind 1200
Dealt to manggy94 [Ks 8d]
*** PRE-FLOP *** 
mariposa32 folds
manggy94 folds
deuf73 folds
Sir.WinALot folds
ibra68 calls 1200
tarifapirat. calls 600
Ste Therese checks
*** FLOP *** [6h 2h Tc]
tarifapirat. checks
Ste Therese bets 1200
ibra68 calls 1200
tarifapirat. calls 1200
*** TURN *** [6h 2h Tc][Jd]
tarifapirat. checks
Ste Therese bets 2400
ibra68 calls 2400
tarifapirat. calls 2400
*** RIVER *** [6h 2h Tc Jd][6d]
tarifapirat. checks
Ste Therese bets 2400
ibra68 calls 2400
tarifapirat. folds
*** SHOW DOWN ***
ibra68 shows [6c 3c] (Trips of 6)
Ste Therese shows [2d 6s] (Full of 6 and 2)
Ste Therese collected 20250 from pot
*** SUMMARY ***
Total pot 20250 | No rake
Board: [6h 2h Tc Jd 6d]
Seat 1: ibra68 (button) showed [6c 3c] and lost with Trips of 6
Seat 3: Ste Therese (big blind) showed [2d 6s] and won 20250 with Full of 6 and 2


Winamax Poker - Tournament "KILL THE FISH" buyIn: 3,50€ + 1,50€ level: 11 - HandId: #572025648814489602-77-1445437793 - Holdem no limit (150/600/1200) - 2015/10/21 14:29:53 UTC
Table: 'KILL THE FISH(133185100)#001' 9-max (real money) Seat #2 is the button
Seat 1: ibra68 (35417)
Seat 2: tarifapirat. (21593)
Seat 3: Ste Therese (55270)
Seat 4: Darky780 (18445)
Seat 5: mariposa32 (25384)
Seat 6: manggy94 (30840)
Seat 8: deuf73 (66629)
Seat 9: Sir.WinALot (75162)
*** ANTE/BLINDS ***
Ste Therese posts ante 150
Darky780 posts ante 150
ibra68 posts ante 150
tarifapirat. posts ante 150
mariposa32 posts ante 150
manggy94 posts ante 150
deuf73 posts ante 150
Sir.WinALot posts ante 150
Ste Therese posts small blind 600
Darky780 posts big blind 1200
Dealt to manggy94 [7d 3h]
*** PRE-FLOP *** 
mariposa32 folds
manggy94 folds
deuf73 folds
Sir.WinALot raises 1200 to 2400
ibra68 folds
tarifapirat. folds
Ste Therese calls 1800
Darky780 raises 15895 to 18295 and is all-in
Sir.WinALot folds
Ste Therese folds
Darky780 collected 24295 from pot
*** SUMMARY ***
Total pot 24295 | No rake
Seat 4: Darky780 (big blind) won 24295


Winamax Poker - Tournament "KILL THE FISH" buyIn: 3,50€ + 1,50€ level: 11 - HandId: #572025648814489602-78-1445437825 - Holdem no limit (150/600/1200) - 2015/10/21 14:30:25 UTC
Table: 'KILL THE FISH(133185100)#001' 9-max (real money) Seat #3 is the button
Seat 1: ibra68 (35267)
Seat 2: tarifapirat. (21443)
Seat 3: Ste Therese (52720)
Seat 4: Darky780 (24295)
Seat 5: mariposa32 (25234)
Seat 6: manggy94 (30690)
Seat 7: rock2as (40138)
Seat 8: deuf73 (66479)
Seat 9: Sir.WinALot (72612)
*** ANTE/BLINDS ***
Darky780 posts ante 150
mariposa32 posts ante 150
ibra68 posts ante 150
tarifapirat. posts ante 150
Ste Therese posts ante 150
manggy94 posts ante 150
rock2as posts ante 150
deuf73 posts ante 150
Sir.WinALot posts ante 150
Darky780 posts small blind 600
mariposa32 posts big blind 1200
Dealt to manggy94 [9c Jd]
*** PRE-FLOP *** 
manggy94 folds
rock2as folds
deuf73 folds
Sir.WinALot raises 1200 to 2400
ibra68 folds
tarifapirat. folds
Ste Therese folds
Darky780 calls 1800
mariposa32 folds
*** FLOP *** [3h 6c 7h]
Darky780 checks
Sir.WinALot bets 3675
Darky780 folds
Sir.WinALot collected 11025 from pot
*** SUMMARY ***
Total pot 11025 | No rake
Board: [3h 6c 7h]
Seat 9: Sir.WinALot won 11025


Winamax Poker - Tournament "KILL THE FISH" buyIn: 3,50€ + 1,50€ level: 11 - HandId: #572025648814489602-79-1445437854 - Holdem no limit (150/600/1200) - 2015/10/21 14:30:54 UTC
Table: 'KILL THE FISH(133185100)#001' 9-max (real money) Seat #4 is the button
Seat 1: ibra68 (35117)
Seat 2: tarifapirat. (21293)
Seat 3: Ste Therese (52570)
Seat 4: Darky780 (21745)
Seat 5: mariposa32 (23884)
Seat 6: manggy94 (30540)
Seat 7: rock2as (39988)
Seat 8: deuf73 (66329)
Seat 9: Sir.WinALot (77412)
*** ANTE/BLINDS ***
mariposa32 posts ante 150
manggy94 posts ante 150
ibra68 posts ante 150
tarifapirat. posts ante 150
Ste Therese posts ante 150
Darky780 posts ante 150
rock2as posts ante 150
deuf73 posts ante 150
Sir.WinALot posts ante 150
mariposa32 posts small blind 600
manggy94 posts big blind 1200
Dealt to manggy94 [2s Qc]
*** PRE-FLOP *** 
rock2as raises 1200 to 2400
deuf73 calls 2400
Sir.WinALot folds
ibra68 folds
tarifapirat. folds
Ste Therese folds
Darky780 folds
mariposa32 folds
manggy94 folds
*** FLOP *** [Jh 9d 3c]
rock2as bets 2016
deuf73 calls 2016
*** TURN *** [Jh 9d 3c][4c]
rock2as bets 2428
deuf73 folds
rock2as collected 14410 from pot
*** SUMMARY ***
Total pot 14410 | No rake
Board: [Jh 9d 3c 4c]
Seat 7: rock2as won 14410


Winamax Poker - Tournament "KILL THE FISH" buyIn: 3,50€ + 1,50€ level: 12 - HandId: #572025648814489602-80-1445437936 - Holdem no limit (180/800/1600) - 2015/10/21 14:32:16 UTC
Table: 'KILL THE FISH(133185100)#001' 9-max (real money) Seat #5 is the button
Seat 1: ibra68 (34967)
Seat 2: tarifapirat. (21143)
Seat 3: Ste Therese (52420)
Seat 4: Darky780 (21595)
Seat 5: mariposa32 (23134)
Seat 6: manggy94 (29190)
Seat 7: rock2as (47404)
Seat 8: deuf73 (61763)
Seat 9: Sir.WinALot (77262)
*** ANTE/BLINDS ***
manggy94 posts ante 180
rock2as posts ante 180
ibra68 posts ante 180
tarifapirat. posts ante 180
Ste Therese posts ante 180
Darky780 posts ante 180
mariposa32 posts ante 180
deuf73 posts ante 180
Sir.WinALot posts ante 180
manggy94 posts small blind 800
rock2as posts big blind 1600
Dealt to manggy94 [Kd Th]
*** PRE-FLOP *** 
deuf73 calls 1600
Sir.WinALot folds
ibra68 calls 1600
tarifapirat. folds
Ste Therese calls 1600
Darky780 folds
mariposa32 folds
manggy94 calls 800
rock2as checks
*** FLOP *** [Qd Ah 7d]
manggy94 checks
rock2as checks
deuf73 checks
ibra68 checks
Ste Therese bets 3200
manggy94 folds
rock2as folds
deuf73 folds
ibra68 calls 3200
*** TURN *** [Qd Ah 7d][Tc]
ibra68 checks
Ste Therese checks
*** RIVER *** [Qd Ah 7d Tc][8d]
ibra68 checks
Ste Therese checks
*** SHOW DOWN ***
Ste Therese shows [Jc Js] (One pair : Jacks)
ibra68 shows [Qh Ts] (Two pairs : Queens and Tens)
ibra68 collected 16020 from pot
*** SUMMARY ***
Total pot 16020 | No rake
Board: [Qd Ah 7d Tc 8d]
Seat 1: ibra68 showed [Qh Ts] and won 16020 with Two pairs : Queens and Tens
Seat 3: Ste Therese showed [Jc Js] and lost with One pair : Jacks


Winamax Poker - Tournament "KILL THE FISH" buyIn: 3,50€ + 1,50€ level: 12 - HandId: #572025648814489602-81-1445438007 - Holdem no limit (180/800/1600) - 2015/10/21 14:33:27 UTC
Table: 'KILL THE FISH(133185100)#001' 9-max (real money) Seat #6 is the button
Seat 1: ibra68 (46007)
Seat 2: tarifapirat. (20963)
Seat 3: Ste Therese (47440)
Seat 4: Darky780 (21415)
Seat 5: mariposa32 (22954)
Seat 6: manggy94 (27410)
Seat 7: rock2as (45624)
Seat 8: deuf73 (59983)
Seat 9: Sir.WinALot (77082)
*** ANTE/BLINDS ***
rock2as posts ante 180
deuf73 posts ante 180
ibra68 posts ante 180
tarifapirat. posts ante 180
Ste Therese posts ante 180
Darky780 posts ante 180
mariposa32 posts ante 180
manggy94 posts ante 180
Sir.WinALot posts ante 180
rock2as posts small blind 800
deuf73 posts big blind 1600
Dealt to manggy94 [5d 7s]
*** PRE-FLOP *** 
Sir.WinALot folds
ibra68 calls 1600
tarifapirat. folds
Ste Therese folds
Darky780 folds
mariposa32 folds
manggy94 folds
rock2as raises 3200 to 4800
deuf73 calls 3200
ibra68 folds
*** FLOP *** [Ah Qh 3d]
rock2as bets 2201
deuf73 folds
rock2as collected 15021 from pot
*** SUMMARY ***
Total pot 15021 | No rake
Board: [Ah Qh 3d]
Seat 7: rock2as (small blind) won 15021


Winamax Poker - Tournament "KILL THE FISH" buyIn: 3,50€ + 1,50€ level: 12 - HandId: #572025648814489602-82-1445438053 - Holdem no limit (180/800/1600) - 2015/10/21 14:34:13 UTC
Table: 'KILL THE FISH(133185100)#001' 9-max (real money) Seat #7 is the button
Seat 1: ibra68 (44227)
Seat 2: tarifapirat. (20783)
Seat 3: Ste Therese (47260)
Seat 4: Darky780 (21235)
Seat 5: mariposa32 (22774)
Seat 6: manggy94 (27230)
Seat 7: rock2as (53464)
Seat 8: deuf73 (55003)
Seat 9: Sir.WinALot (76902)
*** ANTE/BLINDS ***
deuf73 posts ante 180
Sir.WinALot posts ante 180
ibra68 posts ante 180
tarifapirat. posts ante 180
Ste Therese posts ante 180
Darky780 posts ante 180
mariposa32 posts ante 180
manggy94 posts ante 180
rock2as posts ante 180
deuf73 posts small blind 800
Sir.WinALot posts big blind 1600
Dealt to manggy94 [Qh 6s]
*** PRE-FLOP *** 
ibra68 folds
tarifapirat. folds
Ste Therese folds
Darky780 folds
mariposa32 folds
manggy94 folds
rock2as folds
deuf73 calls 800
Sir.WinALot checks
*** FLOP *** [3s Kh Ts]
deuf73 bets 4820
Sir.WinALot folds
deuf73 collected 9640 from pot
*** SUMMARY ***
Total pot 9640 | No rake
Board: [3s Kh Ts]
Seat 8: deuf73 (small blind) won 9640


Winamax Poker - Tournament "KILL THE FISH" buyIn: 3,50€ + 1,50€ level: 12 - HandId: #572025648814489602-83-1445438091 - Holdem no limit (180/800/1600) - 2015/10/21 14:34:51 UTC
Table: 'KILL THE FISH(133185100)#001' 9-max (real money) Seat #8 is the button
Seat 1: ibra68 (44047)
Seat 2: tarifapirat. (20603)
Seat 3: Ste Therese (47080)
Seat 4: Darky780 (21055)
Seat 5: mariposa32 (22594)
Seat 6: manggy94 (27050)
Seat 7: rock2as (53284)
Seat 8: deuf73 (58043)
Seat 9: Sir.WinALot (75122)
*** ANTE/BLINDS ***
Sir.WinALot posts ante 180
ibra68 posts ante 180
tarifapirat. posts ante 180
Ste Therese posts ante 180
Darky780 posts ante 180
mariposa32 posts ante 180
manggy94 posts ante 180
rock2as posts ante 180
deuf73 posts ante 180
Sir.WinALot posts small blind 800
ibra68 posts big blind 1600
Dealt to manggy94 [Th 5d]
*** PRE-FLOP *** 
tarifapirat. folds
Ste Therese folds
Darky780 folds
mariposa32 folds
manggy94 folds
rock2as folds
deuf73 calls 1600
Sir.WinALot folds
ibra68 checks
*** FLOP *** [As 2s Qh]
ibra68 checks
deuf73 bets 2810
ibra68 folds
deuf73 collected 8430 from pot
*** SUMMARY ***
Total pot 8430 | No rake
Board: [As 2s Qh]
Seat 8: deuf73 (button) won 8430


Winamax Poker - Tournament "KILL THE FISH" buyIn: 3,50€ + 1,50€ level: 12 - HandId: #572025648814489602-84-1445438142 - Holdem no limit (180/800/1600) - 2015/10/21 14:35:42 UTC
Table: 'KILL THE FISH(133185100)#001' 9-max (real money) Seat #9 is the button
Seat 1: ibra68 (42267)
Seat 2: tarifapirat. (20423)
Seat 3: Ste Therese (46900)
Seat 4: Darky780 (20875)
Seat 5: mariposa32 (22414)
Seat 6: manggy94 (26870)
Seat 7: rock2as (53104)
Seat 8: deuf73 (61883)
Seat 9: Sir.WinALot (74142)
*** ANTE/BLINDS ***
ibra68 posts ante 180
tarifapirat. posts ante 180
Ste Therese posts ante 180
Darky780 posts ante 180
mariposa32 posts ante 180
manggy94 posts ante 180
rock2as posts ante 180
deuf73 posts ante 180
Sir.WinALot posts ante 180
ibra68 posts small blind 800
tarifapirat. posts big blind 1600
Dealt to manggy94 [3d Ah]
*** PRE-FLOP *** 
Ste Therese folds
Darky780 folds
mariposa32 raises 20634 to 22234 and is all-in
manggy94 folds
rock2as folds
deuf73 folds
Sir.WinALot folds
ibra68 folds
tarifapirat. folds
mariposa32 collected 26254 from pot
*** SUMMARY ***
Total pot 26254 | No rake
Seat 5: mariposa32 won 26254


Winamax Poker - Tournament "KILL THE FISH" buyIn: 3,50€ + 1,50€ level: 12 - HandId: #572025648814489602-85-1445438171 - Holdem no limit (180/800/1600) - 2015/10/21 14:36:11 UTC
Table: 'KILL THE FISH(133185100)#001' 9-max (real money) Seat #1 is the button
Seat 1: ibra68 (41287)
Seat 2: tarifapirat. (18643)
Seat 3: Ste Therese (46720)
Seat 4: Darky780 (20695)
Seat 5: mariposa32 (26254)
Seat 6: manggy94 (26690)
Seat 7: rock2as (52924)
Seat 8: deuf73 (61703)
Seat 9: Sir.WinALot (73962)
*** ANTE/BLINDS ***
tarifapirat. posts ante 180
Ste Therese posts ante 180
ibra68 posts ante 180
Darky780 posts ante 180
mariposa32 posts ante 180
manggy94 posts ante 180
rock2as posts ante 180
deuf73 posts ante 180
Sir.WinALot posts ante 180
tarifapirat. posts small blind 800
Ste Therese posts big blind 1600
Dealt to manggy94 [4c 5h]
*** PRE-FLOP *** 
Darky780 folds
mariposa32 folds
manggy94 folds
rock2as folds
deuf73 raises 3200 to 4800
Sir.WinALot folds
ibra68 calls 4800
tarifapirat. folds
Ste Therese folds
*** FLOP *** [7s 6h As]
deuf73 bets 13620
ibra68 folds
deuf73 collected 27240 from pot
*** SUMMARY ***
Total pot 27240 | No rake
Board: [7s 6h As]
Seat 8: deuf73 won 27240


Winamax Poker - Tournament "KILL THE FISH" buyIn: 3,50€ + 1,50€ level: 12 - HandId: #572025648814489602-86-1445438220 - Holdem no limit (180/800/1600) - 2015/10/21 14:37:00 UTC
Table: 'KILL THE FISH(133185100)#001' 9-max (real money) Seat #2 is the button
Seat 1: ibra68 (36307)
Seat 2: tarifapirat. (17663)
Seat 3: Ste Therese (44940)
Seat 4: Darky780 (20515)
Seat 5: mariposa32 (26074)
Seat 6: manggy94 (26510)
Seat 7: rock2as (52744)
Seat 8: deuf73 (70343)
Seat 9: Sir.WinALot (73782)
*** ANTE/BLINDS ***
Ste Therese posts ante 180
Darky780 posts ante 180
ibra68 posts ante 180
tarifapirat. posts ante 180
mariposa32 posts ante 180
manggy94 posts ante 180
rock2as posts ante 180
deuf73 posts ante 180
Sir.WinALot posts ante 180
Ste Therese posts small blind 800
Darky780 posts big blind 1600
Dealt to manggy94 [8c 6h]
*** PRE-FLOP *** 
mariposa32 folds
manggy94 folds
rock2as calls 1600
deuf73 calls 1600
Sir.WinALot folds
ibra68 calls 1600
tarifapirat. folds
Ste Therese folds
Darky780 raises 18735 to 20335 and is all-in
rock2as folds
deuf73 folds
ibra68 calls 18735
*** FLOP *** [Kh 9c 2h]
*** TURN *** [Kh 9c 2h][3h]
*** RIVER *** [Kh 9c 2h 3h][Qc]
*** SHOW DOWN ***
Darky780 shows [Qs Ac] (One pair : Queens)
ibra68 shows [Ts Jc] (Straight King high)
ibra68 collected 46290 from pot
*** SUMMARY ***
Total pot 46290 | No rake
Board: [Kh 9c 2h 3h Qc]
Seat 1: ibra68 showed [Ts Jc] and won 46290 with Straight King high
Seat 4: Darky780 (big blind) showed [Qs Ac] and lost with One pair : Queens


Winamax Poker - Tournament "KILL THE FISH" buyIn: 3,50€ + 1,50€ level: 12 - HandId: #572025648814489602-87-1445438260 - Holdem no limit (180/800/1600) - 2015/10/21 14:37:40 UTC
Table: 'KILL THE FISH(133185100)#001' 9-max (real money) Seat #3 is the button
Seat 1: ibra68 (62082)
Seat 2: tarifapirat. (17483)
Seat 3: Ste Therese (43960)
Seat 5: mariposa32 (25894)
Seat 6: manggy94 (26330)
Seat 7: rock2as (50964)
Seat 8: deuf73 (68563)
Seat 9: Sir.WinALot (73602)
*** ANTE/BLINDS ***
mariposa32 posts ante 180
ibra68 posts ante 180
tarifapirat. posts ante 180
Ste Therese posts ante 180
manggy94 posts ante 180
rock2as posts ante 180
deuf73 posts ante 180
Sir.WinALot posts ante 180
mariposa32 posts big blind 1600
Dealt to manggy94 [Qc 8s]
*** PRE-FLOP *** 
manggy94 folds
rock2as folds
deuf73 calls 1600
Sir.WinALot folds
ibra68 calls 1600
tarifapirat. folds
Ste Therese calls 1600
mariposa32 checks
*** FLOP *** [4c 7h 2d]
mariposa32 checks
deuf73 checks
ibra68 checks
Ste Therese checks
*** TURN *** [4c 7h 2d][4d]
mariposa32 checks
deuf73 bets 3920
ibra68 calls 3920
Ste Therese calls 3920
mariposa32 folds
*** RIVER *** [4c 7h 2d 4d][Ah]
deuf73 checks
ibra68 bets 9800
Ste Therese folds
deuf73 calls 9800
*** SHOW DOWN ***
ibra68 shows [6d 5h] (One pair : 4)
deuf73 shows [Ac 3s] (Two pairs : Aces and 4)
deuf73 collected 39200 from pot
*** SUMMARY ***
Total pot 39200 | No rake
Board: [4c 7h 2d 4d Ah]
Seat 1: ibra68 showed [6d 5h] and lost with One pair : 4
Seat 8: deuf73 showed [Ac 3s] and won 39200 with Two pairs : Aces and 4


Winamax Poker - Tournament "KILL THE FISH" buyIn: 3,50€ + 1,50€ level: 13 - HandId: #572025648814489602-88-1445438371 - Holdem no limit (240/1000/2000) - 2015/10/21 14:39:31 UTC
Table: 'KILL THE FISH(133185100)#001' 9-max (real money) Seat #4 is the button
Seat 1: ibra68 (46582)
Seat 2: tarifapirat. (17303)
Seat 3: Ste Therese (38260)
Seat 4: CIydeDonovan (43372)
Seat 5: mariposa32 (24114)
Seat 6: manggy94 (26150)
Seat 7: rock2as (50784)
Seat 8: deuf73 (92263)
Seat 9: Sir.WinALot (73422)
*** ANTE/BLINDS ***
mariposa32 posts ante 240
manggy94 posts ante 240
ibra68 posts ante 240
tarifapirat. posts ante 240
Ste Therese posts ante 240
rock2as posts ante 240
deuf73 posts ante 240
Sir.WinALot posts ante 240
mariposa32 posts small blind 1000
manggy94 posts big blind 2000
Dealt to manggy94 [Ac 5h]
*** PRE-FLOP *** 
rock2as folds
deuf73 folds
Sir.WinALot folds
ibra68 calls 2000
tarifapirat. folds
Ste Therese folds
mariposa32 calls 1000
manggy94 checks
*** FLOP *** [Ad 2s 7c]
mariposa32 checks
manggy94 bets 23910 and is all-in
ibra68 folds
mariposa32 folds
manggy94 collected 31830 from pot
*** SUMMARY ***
Total pot 31830 | No rake
Board: [Ad 2s 7c]
Seat 6: manggy94 (big blind) won 31830


Winamax Poker - Tournament "KILL THE FISH" buyIn: 3,50€ + 1,50€ level: 13 - HandId: #572025648814489602-89-1445438408 - Holdem no limit (240/1000/2000) - 2015/10/21 14:40:08 UTC
Table: 'KILL THE FISH(133185100)#001' 9-max (real money) Seat #5 is the button
Seat 1: ibra68 (44342)
Seat 2: tarifapirat. (17063)
Seat 3: Ste Therese (38020)
Seat 4: CIydeDonovan (43372)
Seat 5: mariposa32 (21874)
Seat 6: manggy94 (31830)
Seat 7: rock2as (50544)
Seat 8: deuf73 (92023)
Seat 9: Sir.WinALot (73182)
*** ANTE/BLINDS ***
manggy94 posts ante 240
rock2as posts ante 240
ibra68 posts ante 240
tarifapirat. posts ante 240
Ste Therese posts ante 240
CIydeDonovan posts ante 240
mariposa32 posts ante 240
deuf73 posts ante 240
Sir.WinALot posts ante 240
manggy94 posts small blind 1000
rock2as posts big blind 2000
Dealt to manggy94 [5s Kh]
*** PRE-FLOP *** 
deuf73 folds
Sir.WinALot folds
ibra68 raises 42102 to 44102 and is all-in
tarifapirat. folds
Ste Therese folds
CIydeDonovan folds
mariposa32 folds
manggy94 folds
rock2as folds
ibra68 collected 49262 from pot
*** SUMMARY ***
Total pot 49262 | No rake
Seat 1: ibra68 won 49262


Winamax Poker - Tournament "KILL THE FISH" buyIn: 3,50€ + 1,50€ level: 13 - HandId: #572025648814489602-90-1445438448 - Holdem no limit (240/1000/2000) - 2015/10/21 14:40:48 UTC
Table: 'KILL THE FISH(133185100)#001' 9-max (real money) Seat #6 is the button
Seat 1: ibra68 (49262)
Seat 2: tarifapirat. (16823)
Seat 3: Ste Therese (37780)
Seat 4: CIydeDonovan (43132)
Seat 5: mariposa32 (21634)
Seat 6: manggy94 (30590)
Seat 7: rock2as (48304)
Seat 8: deuf73 (91783)
Seat 9: Sir.WinALot (72942)
*** ANTE/BLINDS ***
rock2as posts ante 240
deuf73 posts ante 240
ibra68 posts ante 240
tarifapirat. posts ante 240
Ste Therese posts ante 240
CIydeDonovan posts ante 240
mariposa32 posts ante 240
manggy94 posts ante 240
Sir.WinALot posts ante 240
rock2as posts small blind 1000
deuf73 posts big blind 2000
Dealt to manggy94 [Th Ad]
*** PRE-FLOP *** 
Sir.WinALot folds
ibra68 folds
tarifapirat. folds
Ste Therese raises 35540 to 37540 and is all-in
CIydeDonovan folds
mariposa32 folds
manggy94 folds
rock2as folds
deuf73 folds
Ste Therese collected 42700 from pot
*** SUMMARY ***
Total pot 42700 | No rake
Seat 3: Ste Therese won 42700


Winamax Poker - Tournament "KILL THE FISH" buyIn: 3,50€ + 1,50€ level: 13 - HandId: #572025648814489602-91-1445438500 - Holdem no limit (240/1000/2000) - 2015/10/21 14:41:40 UTC
Table: 'KILL THE FISH(133185100)#001' 9-max (real money) Seat #7 is the button
Seat 1: ibra68 (49022)
Seat 2: tarifapirat. (16583)
Seat 3: Ste Therese (42700)
Seat 4: CIydeDonovan (42892)
Seat 5: mariposa32 (21394)
Seat 6: manggy94 (30350)
Seat 7: rock2as (47064)
Seat 8: deuf73 (89543)
Seat 9: Sir.WinALot (72702)
*** ANTE/BLINDS ***
deuf73 posts ante 240
Sir.WinALot posts ante 240
ibra68 posts ante 240
tarifapirat. posts ante 240
Ste Therese posts ante 240
CIydeDonovan posts ante 240
mariposa32 posts ante 240
manggy94 posts ante 240
rock2as posts ante 240
deuf73 posts small blind 1000
Sir.WinALot posts big blind 2000
Dealt to manggy94 [5s 5h]
*** PRE-FLOP *** 
ibra68 folds
tarifapirat. folds
Ste Therese folds
CIydeDonovan folds
mariposa32 folds
manggy94 calls 2000
rock2as raises 4000 to 6000
deuf73 folds
Sir.WinALot folds
manggy94 calls 4000
*** FLOP *** [Ks 7c 2h]
manggy94 checks
rock2as bets 5385
manggy94 folds
rock2as collected 22545 from pot
*** SUMMARY ***
Total pot 22545 | No rake
Board: [Ks 7c 2h]
Seat 7: rock2as (button) won 22545


Winamax Poker - Tournament "KILL THE FISH" buyIn: 3,50€ + 1,50€ level: 13 - HandId: #572025648814489602-92-1445438548 - Holdem no limit (240/1000/2000) - 2015/10/21 14:42:28 UTC
Table: 'KILL THE FISH(133185100)#001' 9-max (real money) Seat #8 is the button
Seat 1: ibra68 (48782)
Seat 2: tarifapirat. (16343)
Seat 3: Ste Therese (42460)
Seat 4: CIydeDonovan (42652)
Seat 5: mariposa32 (21154)
Seat 6: manggy94 (24110)
Seat 7: rock2as (57984)
Seat 8: deuf73 (88303)
Seat 9: Sir.WinALot (70462)
*** ANTE/BLINDS ***
Sir.WinALot posts ante 240
ibra68 posts ante 240
tarifapirat. posts ante 240
Ste Therese posts ante 240
CIydeDonovan posts ante 240
mariposa32 posts ante 240
manggy94 posts ante 240
rock2as posts ante 240
deuf73 posts ante 240
Sir.WinALot posts small blind 1000
ibra68 posts big blind 2000
Dealt to manggy94 [Ah Tc]
*** PRE-FLOP *** 
tarifapirat. raises 14103 to 16103 and is all-in
Ste Therese folds
CIydeDonovan folds
mariposa32 folds
manggy94 folds
rock2as folds
deuf73 folds
Sir.WinALot folds
ibra68 folds
tarifapirat. collected 21263 from pot
*** SUMMARY ***
Total pot 21263 | No rake
Seat 2: tarifapirat. won 21263


Winamax Poker - Tournament "KILL THE FISH" buyIn: 3,50€ + 1,50€ level: 13 - HandId: #572025648814489602-93-1445438581 - Holdem no limit (240/1000/2000) - 2015/10/21 14:43:01 UTC
Table: 'KILL THE FISH(133185100)#001' 9-max (real money) Seat #9 is the button
Seat 1: ibra68 (46542)
Seat 2: tarifapirat. (21263)
Seat 3: Ste Therese (42220)
Seat 4: CIydeDonovan (42412)
Seat 5: mariposa32 (20914)
Seat 6: manggy94 (23870)
Seat 7: rock2as (57744)
Seat 8: deuf73 (88063)
Seat 9: Sir.WinALot (69222)
*** ANTE/BLINDS ***
ibra68 posts ante 240
tarifapirat. posts ante 240
Ste Therese posts ante 240
CIydeDonovan posts ante 240
mariposa32 posts ante 240
manggy94 posts ante 240
rock2as posts ante 240
deuf73 posts ante 240
Sir.WinALot posts ante 240
ibra68 posts small blind 1000
tarifapirat. posts big blind 2000
Dealt to manggy94 [5d 7c]
*** PRE-FLOP *** 
Ste Therese folds
CIydeDonovan folds
mariposa32 folds
manggy94 folds
rock2as folds
deuf73 folds
Sir.WinALot raises 2000 to 4000
ibra68 folds
tarifapirat. folds
Sir.WinALot collected 9160 from pot
*** SUMMARY ***
Total pot 9160 | No rake
Seat 9: Sir.WinALot (button) won 9160


Winamax Poker - Tournament "KILL THE FISH" buyIn: 3,50€ + 1,50€ level: 13 - HandId: #572025648814489602-94-1445438622 - Holdem no limit (240/1000/2000) - 2015/10/21 14:43:42 UTC
Table: 'KILL THE FISH(133185100)#001' 9-max (real money) Seat #1 is the button
Seat 1: ibra68 (45302)
Seat 2: tarifapirat. (19023)
Seat 3: Ste Therese (41980)
Seat 4: CIydeDonovan (42172)
Seat 5: mariposa32 (20674)
Seat 6: manggy94 (23630)
Seat 7: rock2as (57504)
Seat 8: deuf73 (87823)
Seat 9: Sir.WinALot (74142)
*** ANTE/BLINDS ***
tarifapirat. posts ante 240
Ste Therese posts ante 240
ibra68 posts ante 240
CIydeDonovan posts ante 240
mariposa32 posts ante 240
manggy94 posts ante 240
rock2as posts ante 240
deuf73 posts ante 240
Sir.WinALot posts ante 240
tarifapirat. posts small blind 1000
Ste Therese posts big blind 2000
Dealt to manggy94 [Js Jh]
*** PRE-FLOP *** 
CIydeDonovan folds
mariposa32 folds
manggy94 raises 21390 to 23390 and is all-in
rock2as folds
deuf73 folds
Sir.WinALot folds
ibra68 folds
tarifapirat. folds
Ste Therese folds
manggy94 collected 28550 from pot
*** SUMMARY ***
Total pot 28550 | No rake
Seat 6: manggy94 won 28550


Winamax Poker - Tournament "KILL THE FISH" buyIn: 3,50€ + 1,50€ level: 14 - HandId: #572025648814489602-95-1445438667 - Holdem no limit (320/1250/2500) - 2015/10/21 14:44:27 UTC
Table: 'KILL THE FISH(133185100)#001' 9-max (real money) Seat #2 is the button
Seat 1: ibra68 (45062)
Seat 2: tarifapirat. (17783)
Seat 3: Ste Therese (39740)
Seat 4: CIydeDonovan (41932)
Seat 5: mariposa32 (20434)
Seat 6: manggy94 (28550)
Seat 7: rock2as (57264)
Seat 8: deuf73 (87583)
Seat 9: Sir.WinALot (73902)
*** ANTE/BLINDS ***
Ste Therese posts ante 320
CIydeDonovan posts ante 320
ibra68 posts ante 320
tarifapirat. posts ante 320
mariposa32 posts ante 320
manggy94 posts ante 320
rock2as posts ante 320
deuf73 posts ante 320
Sir.WinALot posts ante 320
Ste Therese posts small blind 1250
CIydeDonovan posts big blind 2500
Dealt to manggy94 [4d 3c]
*** PRE-FLOP *** 
mariposa32 folds
manggy94 folds
rock2as folds
deuf73 folds
Sir.WinALot folds
ibra68 folds
tarifapirat. raises 14963 to 17463 and is all-in
Ste Therese folds
CIydeDonovan calls 14963
*** FLOP *** [As 8s Jc]
*** TURN *** [As 8s Jc][6s]
*** RIVER *** [As 8s Jc 6s][9s]
*** SHOW DOWN ***
CIydeDonovan shows [5s Kh] (Flush Ace high)
tarifapirat. shows [Ks Tc] (Flush Ace high)
tarifapirat. collected 39056 from pot
*** SUMMARY ***
Total pot 39056 | No rake
Board: [As 8s Jc 6s 9s]
Seat 2: tarifapirat. (button) showed [Ks Tc] and won 39056 with Flush Ace high
Seat 4: CIydeDonovan (big blind) showed [5s Kh] and lost with Flush Ace high


Winamax Poker - Tournament "KILL THE FISH" buyIn: 3,50€ + 1,50€ level: 14 - HandId: #572025648814489602-96-1445438698 - Holdem no limit (320/1250/2500) - 2015/10/21 14:44:58 UTC
Table: 'KILL THE FISH(133185100)#001' 9-max (real money) Seat #3 is the button
Seat 1: ibra68 (44742)
Seat 2: tarifapirat. (39056)
Seat 3: Ste Therese (38170)
Seat 4: CIydeDonovan (24149)
Seat 5: mariposa32 (20114)
Seat 6: manggy94 (28230)
Seat 7: rock2as (56944)
Seat 8: deuf73 (87263)
Seat 9: Sir.WinALot (73582)
*** ANTE/BLINDS ***
CIydeDonovan posts ante 320
mariposa32 posts ante 320
ibra68 posts ante 320
tarifapirat. posts ante 320
Ste Therese posts ante 320
manggy94 posts ante 320
rock2as posts ante 320
deuf73 posts ante 320
Sir.WinALot posts ante 320
CIydeDonovan posts small blind 1250
mariposa32 posts big blind 2500
Dealt to manggy94 [8h 3d]
*** PRE-FLOP *** 
manggy94 folds
rock2as folds
deuf73 folds
Sir.WinALot raises 2500 to 5000
ibra68 folds
tarifapirat. folds
Ste Therese folds
CIydeDonovan folds
mariposa32 raises 14794 to 19794 and is all-in
Sir.WinALot calls 14794
*** FLOP *** [Qd 2h As]
*** TURN *** [Qd 2h As][5h]
*** RIVER *** [Qd 2h As 5h][9c]
*** SHOW DOWN ***
mariposa32 shows [Kd Kc] (One pair : Kings)
Sir.WinALot shows [Ac Ks] (One pair : Aces)
Sir.WinALot collected 43718 from pot
*** SUMMARY ***
Total pot 43718 | No rake
Board: [Qd 2h As 5h 9c]
Seat 5: mariposa32 (big blind) showed [Kd Kc] and lost with One pair : Kings
Seat 9: Sir.WinALot showed [Ac Ks] and won 43718 with One pair : Aces


Winamax Poker - Tournament "KILL THE FISH" buyIn: 3,50€ + 1,50€ level: 14 - HandId: #572025648814489602-97-1445438742 - Holdem no limit (320/1250/2500) - 2015/10/21 14:45:42 UTC
Table: 'KILL THE FISH(133185100)#001' 9-max (real money) Seat #4 is the button
Seat 1: ibra68 (44422)
Seat 2: tarifapirat. (38736)
Seat 3: Ste Therese (37850)
Seat 4: CIydeDonovan (22579)
Seat 6: manggy94 (27910)
Seat 7: rock2as (56624)
Seat 8: deuf73 (86943)
Seat 9: Sir.WinALot (97186)
*** ANTE/BLINDS ***
manggy94 posts ante 320
ibra68 posts ante 320
tarifapirat. posts ante 320
Ste Therese posts ante 320
CIydeDonovan posts ante 320
rock2as posts ante 320
deuf73 posts ante 320
Sir.WinALot posts ante 320
manggy94 posts big blind 2500
Dealt to manggy94 [Td Kd]
*** PRE-FLOP *** 
rock2as folds
deuf73 folds
Sir.WinALot folds
ibra68 folds
tarifapirat. folds
Ste Therese raises 35030 to 37530 and is all-in
CIydeDonovan folds
manggy94 folds
Ste Therese collected 42590 from pot
*** SUMMARY ***
Total pot 42590 | No rake
Seat 3: Ste Therese won 42590


Winamax Poker - Tournament "KILL THE FISH" buyIn: 3,50€ + 1,50€ level: 14 - HandId: #572025648814489602-98-1445438768 - Holdem no limit (320/1250/2500) - 2015/10/21 14:46:08 UTC
Table: 'KILL THE FISH(133185100)#001' 9-max (real money) Seat #5 is the button
Seat 1: ibra68 (44102)
Seat 2: tarifapirat. (38416)
Seat 3: Ste Therese (42590)
Seat 4: CIydeDonovan (22259)
Seat 6: manggy94 (25090)
Seat 7: rock2as (56304)
Seat 8: deuf73 (86623)
Seat 9: Sir.WinALot (96866)
*** ANTE/BLINDS ***
manggy94 posts ante 320
rock2as posts ante 320
ibra68 posts ante 320
tarifapirat. posts ante 320
Ste Therese posts ante 320
CIydeDonovan posts ante 320
deuf73 posts ante 320
Sir.WinALot posts ante 320
manggy94 posts small blind 1250
rock2as posts big blind 2500
Dealt to manggy94 [As Qh]
*** PRE-FLOP *** 
deuf73 folds
Sir.WinALot folds
ibra68 raises 5000 to 7500
tarifapirat. folds
Ste Therese folds
CIydeDonovan folds
manggy94 raises 17270 to 24770 and is all-in
rock2as folds
ibra68 calls 17270
*** FLOP *** [Kc 8d Jd]
*** TURN *** [Kc 8d Jd][Jc]
*** RIVER *** [Kc 8d Jd Jc][Ts]
*** SHOW DOWN ***
ibra68 shows [7h Ad] (One pair : Jacks)
manggy94 shows [As Qh] (Straight Ace high)
manggy94 collected 54600 from pot
*** SUMMARY ***
Total pot 54600 | No rake
Board: [Kc 8d Jd Jc Ts]
Seat 1: ibra68 showed [7h Ad] and lost with One pair : Jacks
Seat 6: manggy94 (small blind) showed [As Qh] and won 54600 with Straight Ace high


Winamax Poker - Tournament "KILL THE FISH" buyIn: 3,50€ + 1,50€ level: 14 - HandId: #572025648814489602-99-1445438808 - Holdem no limit (320/1250/2500) - 2015/10/21 14:46:48 UTC
Table: 'KILL THE FISH(133185100)#001' 9-max (real money) Seat #6 is the button
Seat 1: ibra68 (19012)
Seat 2: tarifapirat. (38096)
Seat 3: Ste Therese (42270)
Seat 4: CIydeDonovan (21939)
Seat 5: ZiZioQQ (19175)
Seat 6: manggy94 (54600)
Seat 7: rock2as (53484)
Seat 8: deuf73 (86303)
Seat 9: Sir.WinALot (96546)
*** ANTE/BLINDS ***
rock2as posts ante 320
deuf73 posts ante 320
ibra68 posts ante 320
tarifapirat. posts ante 320
Ste Therese posts ante 320
CIydeDonovan posts ante 320
ZiZioQQ posts ante 320
manggy94 posts ante 320
Sir.WinALot posts ante 320
rock2as posts small blind 1250
deuf73 posts big blind 2500
Dealt to manggy94 [4h 2s]
*** PRE-FLOP *** 
Sir.WinALot folds
ibra68 calls 2500
tarifapirat. folds
Ste Therese folds
CIydeDonovan folds
ZiZioQQ folds
manggy94 folds
rock2as calls 1250
deuf73 checks
*** FLOP *** [8d 6c Js]
rock2as checks
deuf73 checks
ibra68 checks
*** TURN *** [8d 6c Js][Qh]
rock2as checks
deuf73 checks
ibra68 checks
*** RIVER *** [8d 6c Js Qh][3c]
rock2as checks
deuf73 checks
ibra68 checks
*** SHOW DOWN ***
ibra68 shows [6s Ac] (One pair : 6)
rock2as shows [7d 4s] (High card : Queen)
deuf73 shows [4d Jd] (One pair : Jacks)
deuf73 collected 10380 from pot
*** SUMMARY ***
Total pot 10380 | No rake
Board: [8d 6c Js Qh 3c]
Seat 1: ibra68 showed [6s Ac] and lost with One pair : 6
Seat 7: rock2as (small blind) showed [7d 4s] and lost with High card : Queen
Seat 8: deuf73 (big blind) showed [4d Jd] and won 10380 with One pair : Jacks


Winamax Poker - Tournament "KILL THE FISH" buyIn: 3,50€ + 1,50€ level: 14 - HandId: #572025648814489602-100-1445438853 - Holdem no limit (320/1250/2500) - 2015/10/21 14:47:33 UTC
Table: 'KILL THE FISH(133185100)#001' 9-max (real money) Seat #7 is the button
Seat 1: ibra68 (16192)
Seat 2: tarifapirat. (37776)
Seat 3: Ste Therese (41950)
Seat 4: CIydeDonovan (21619)
Seat 5: ZiZioQQ (18855)
Seat 6: manggy94 (54280)
Seat 7: rock2as (50664)
Seat 8: deuf73 (93863)
Seat 9: Sir.WinALot (96226)
*** ANTE/BLINDS ***
deuf73 posts ante 320
Sir.WinALot posts ante 320
ibra68 posts ante 320
tarifapirat. posts ante 320
Ste Therese posts ante 320
CIydeDonovan posts ante 320
ZiZioQQ posts ante 320
manggy94 posts ante 320
rock2as posts ante 320
deuf73 posts small blind 1250
Sir.WinALot posts big blind 2500
Dealt to manggy94 [2c 8h]
*** PRE-FLOP *** 
ibra68 folds
tarifapirat. folds
Ste Therese folds
CIydeDonovan folds
ZiZioQQ folds
manggy94 folds
rock2as folds
deuf73 calls 1250
Sir.WinALot checks
*** FLOP *** [Th Ad Jh]
deuf73 checks
Sir.WinALot bets 3940
deuf73 folds
Sir.WinALot collected 11820 from pot
*** SUMMARY ***
Total pot 11820 | No rake
Board: [Th Ad Jh]
Seat 9: Sir.WinALot (big blind) won 11820


Winamax Poker - Tournament "KILL THE FISH" buyIn: 3,50€ + 1,50€ level: 14 - HandId: #572025648814489602-101-1445438899 - Holdem no limit (320/1250/2500) - 2015/10/21 14:48:19 UTC
Table: 'KILL THE FISH(133185100)#001' 9-max (real money) Seat #8 is the button
Seat 1: ibra68 (15872)
Seat 2: tarifapirat. (37456)
Seat 3: Ste Therese (41630)
Seat 4: CIydeDonovan (21299)
Seat 5: ZiZioQQ (18535)
Seat 6: manggy94 (53960)
Seat 7: rock2as (50344)
Seat 8: deuf73 (91043)
Seat 9: Sir.WinALot (101286)
*** ANTE/BLINDS ***
Sir.WinALot posts ante 320
ibra68 posts ante 320
tarifapirat. posts ante 320
Ste Therese posts ante 320
CIydeDonovan posts ante 320
ZiZioQQ posts ante 320
manggy94 posts ante 320
rock2as posts ante 320
deuf73 posts ante 320
Sir.WinALot posts small blind 1250
ibra68 posts big blind 2500
Dealt to manggy94 [Ad 9s]
*** PRE-FLOP *** 
tarifapirat. folds
Ste Therese folds
CIydeDonovan folds
ZiZioQQ raises 15715 to 18215 and is all-in
manggy94 folds
rock2as folds
deuf73 folds
Sir.WinALot calls 16965
ibra68 folds
*** FLOP *** [Qh 5c 9h]
*** TURN *** [Qh 5c 9h][8c]
*** RIVER *** [Qh 5c 9h 8c][5s]
*** SHOW DOWN ***
ZiZioQQ shows [7s 7d] (Two pairs : 7 and 5)
Sir.WinALot shows [Kh Kc] (Two pairs : Kings and 5)
Sir.WinALot collected 41810 from pot
*** SUMMARY ***
Total pot 41810 | No rake
Board: [Qh 5c 9h 8c 5s]
Seat 5: ZiZioQQ showed [7s 7d] and lost with Two pairs : 7 and 5
Seat 9: Sir.WinALot (small blind) showed [Kh Kc] and won 41810 with Two pairs : Kings and 5


Winamax Poker - Tournament "KILL THE FISH" buyIn: 3,50€ + 1,50€ level: 14 - HandId: #572025648814489602-102-1445438923 - Holdem no limit (320/1250/2500) - 2015/10/21 14:48:43 UTC
Table: 'KILL THE FISH(133185100)#001' 9-max (real money) Seat #9 is the button
Seat 1: ibra68 (13052)
Seat 2: tarifapirat. (37136)
Seat 3: Ste Therese (41310)
Seat 4: CIydeDonovan (20979)
Seat 6: manggy94 (53640)
Seat 7: rock2as (50024)
Seat 8: deuf73 (90723)
Seat 9: Sir.WinALot (124561)
*** ANTE/BLINDS ***
ibra68 posts ante 320
tarifapirat. posts ante 320
Ste Therese posts ante 320
CIydeDonovan posts ante 320
manggy94 posts ante 320
rock2as posts ante 320
deuf73 posts ante 320
Sir.WinALot posts ante 320
ibra68 posts small blind 1250
tarifapirat. posts big blind 2500
Dealt to manggy94 [6d 3d]
*** PRE-FLOP *** 
Ste Therese folds
CIydeDonovan folds
manggy94 folds
rock2as raises 47204 to 49704 and is all-in
deuf73 folds
Sir.WinALot folds
ibra68 folds
tarifapirat. folds
rock2as collected 56014 from pot
*** SUMMARY ***
Total pot 56014 | No rake
Seat 7: rock2as won 56014


Winamax Poker - Tournament "KILL THE FISH" buyIn: 3,50€ + 1,50€ level: 14 - HandId: #572025648814489602-103-1445438950 - Holdem no limit (320/1250/2500) - 2015/10/21 14:49:10 UTC
Table: 'KILL THE FISH(133185100)#001' 9-max (real money) Seat #1 is the button
Seat 1: ibra68 (11482)
Seat 2: tarifapirat. (34316)
Seat 3: Ste Therese (40990)
Seat 4: CIydeDonovan (20659)
Seat 6: manggy94 (53320)
Seat 7: rock2as (56014)
Seat 8: deuf73 (90403)
Seat 9: Sir.WinALot (124241)
*** ANTE/BLINDS ***
tarifapirat. posts ante 320
Ste Therese posts ante 320
ibra68 posts ante 320
CIydeDonovan posts ante 320
manggy94 posts ante 320
rock2as posts ante 320
deuf73 posts ante 320
Sir.WinALot posts ante 320
tarifapirat. posts small blind 1250
Ste Therese posts big blind 2500
Dealt to manggy94 [2c 3d]
*** PRE-FLOP *** 
CIydeDonovan folds
manggy94 folds
rock2as folds
deuf73 calls 2500
Sir.WinALot folds
ibra68 calls 2500
tarifapirat. calls 1250
Ste Therese raises 38170 to 40670 and is all-in
deuf73 folds
ibra68 folds
tarifapirat. folds
Ste Therese collected 50730 from pot
*** SUMMARY ***
Total pot 50730 | No rake
Seat 3: Ste Therese (big blind) won 50730


Winamax Poker - Tournament "KILL THE FISH" buyIn: 3,50€ + 1,50€ level: 14 - HandId: #572025648814489602-104-1445438992 - Holdem no limit (320/1250/2500) - 2015/10/21 14:49:52 UTC
Table: 'KILL THE FISH(133185100)#001' 9-max (real money) Seat #2 is the button
Seat 1: ibra68 (8662)
Seat 2: tarifapirat. (31496)
Seat 3: Ste Therese (50730)
Seat 4: CIydeDonovan (20339)
Seat 6: manggy94 (53000)
Seat 7: rock2as (55694)
Seat 8: deuf73 (87583)
Seat 9: Sir.WinALot (123921)
*** ANTE/BLINDS ***
Ste Therese posts ante 320
CIydeDonovan posts ante 320
ibra68 posts ante 320
tarifapirat. posts ante 320
manggy94 posts ante 320
rock2as posts ante 320
deuf73 posts ante 320
Sir.WinALot posts ante 320
Ste Therese posts small blind 1250
CIydeDonovan posts big blind 2500
Dealt to manggy94 [3s 2h]
*** PRE-FLOP *** 
manggy94 folds
rock2as folds
deuf73 folds
Sir.WinALot folds
ibra68 folds
tarifapirat. raises 28676 to 31176 and is all-in
Ste Therese folds
CIydeDonovan calls 17519 and is all-in
*** FLOP *** [4s Kc 6d]
*** TURN *** [4s Kc 6d][8h]
*** RIVER *** [4s Kc 6d 8h][Ac]
*** SHOW DOWN ***
CIydeDonovan shows [5h 5d] (One pair : 5)
tarifapirat. shows [Qd Jc] (High card : Ace)
tarifapirat. collected 11157 from side pot 1
CIydeDonovan collected 43848 from main pot
*** SUMMARY ***
Total pot 55005 | No rake
Board: [4s Kc 6d 8h Ac]
Seat 2: tarifapirat. (button) showed [Qd Jc] and won 11157 with High card : Ace
Seat 4: CIydeDonovan (big blind) showed [5h 5d] and won 43848 with One pair : 5


Winamax Poker - Tournament "KILL THE FISH" buyIn: 3,50€ + 1,50€ level: 15 - HandId: #572025648814489602-105-1445439042 - Holdem no limit (430/1500/3000) - 2015/10/21 14:50:42 UTC
Table: 'KILL THE FISH(133185100)#001' 9-max (real money) Seat #3 is the button
Seat 1: ibra68 (8342)
Seat 2: tarifapirat. (11157)
Seat 3: Ste Therese (49160)
Seat 4: CIydeDonovan (43848)
Seat 6: manggy94 (52680)
Seat 7: rock2as (55374)
Seat 8: deuf73 (87263)
Seat 9: Sir.WinALot (123601)
*** ANTE/BLINDS ***
CIydeDonovan posts ante 430
manggy94 posts ante 430
ibra68 posts ante 430
tarifapirat. posts ante 430
Ste Therese posts ante 430
rock2as posts ante 430
deuf73 posts ante 430
Sir.WinALot posts ante 430
CIydeDonovan posts small blind 1500
manggy94 posts big blind 3000
Dealt to manggy94 [Js Jd]
*** PRE-FLOP *** 
rock2as folds
deuf73 calls 3000
Sir.WinALot folds
ibra68 folds
tarifapirat. folds
Ste Therese calls 3000
CIydeDonovan raises 40418 to 43418 and is all-in
manggy94 calls 40418
deuf73 folds
Ste Therese folds
*** FLOP *** [8h 9h 5d]
*** TURN *** [8h 9h 5d][6d]
*** RIVER *** [8h 9h 5d 6d][Ah]
*** SHOW DOWN ***
CIydeDonovan shows [Td Th] (One pair : Tens)
manggy94 shows [Js Jd] (One pair : Jacks)
manggy94 collected 96276 from pot
*** SUMMARY ***
Total pot 96276 | No rake
Board: [8h 9h 5d 6d Ah]
Seat 4: CIydeDonovan (small blind) showed [Td Th] and lost with One pair : Tens
Seat 6: manggy94 (big blind) showed [Js Jd] and won 96276 with One pair : Jacks


Winamax Poker - Tournament "KILL THE FISH" buyIn: 3,50€ + 1,50€ level: 15 - HandId: #572025648814489602-106-1445439070 - Holdem no limit (430/1500/3000) - 2015/10/21 14:51:10 UTC
Table: 'KILL THE FISH(133185100)#001' 9-max (real money) Seat #4 is the button
Seat 1: ibra68 (7912)
Seat 2: tarifapirat. (10727)
Seat 3: Ste Therese (45730)
Seat 6: manggy94 (105108)
Seat 7: rock2as (54944)
Seat 8: deuf73 (83833)
Seat 9: Sir.WinALot (123171)
*** ANTE/BLINDS ***
manggy94 posts ante 430
rock2as posts ante 430
ibra68 posts ante 430
tarifapirat. posts ante 430
Ste Therese posts ante 430
deuf73 posts ante 430
Sir.WinALot posts ante 430
manggy94 posts small blind 1500
rock2as posts big blind 3000
Dealt to manggy94 [8h Jd]
*** PRE-FLOP *** 
deuf73 folds
Sir.WinALot folds
ibra68 raises 4482 to 7482 and is all-in
tarifapirat. raises 2815 to 10297 and is all-in
Ste Therese folds
manggy94 folds
rock2as calls 7297
*** FLOP *** [4c 2h 5h]
*** TURN *** [4c 2h 5h][Jc]
*** RIVER *** [4c 2h 5h Jc][9h]
*** SHOW DOWN ***
ibra68 shows [Ad Qs] (High card : Ace)
tarifapirat. shows [9d Qd] (One pair : 9)
rock2as shows [Ts Js] (One pair : Jacks)
rock2as collected 32586 from pot
*** SUMMARY ***
Total pot 32586 | No rake
Board: [4c 2h 5h Jc 9h]
Seat 1: ibra68 showed [Ad Qs] and lost with High card : Ace
Seat 2: tarifapirat. showed [9d Qd] and lost with One pair : 9
Seat 7: rock2as (big blind) showed [Ts Js] and won 32586 with One pair : Jacks


Winamax Poker - Tournament "KILL THE FISH" buyIn: 3,50€ + 1,50€ level: 15 - HandId: #572025648814489602-107-1445439106 - Holdem no limit (430/1500/3000) - 2015/10/21 14:51:46 UTC
Table: 'KILL THE FISH(133185100)#001' 9-max (real money) Seat #6 is the button
Seat 3: Ste Therese (45300)
Seat 6: manggy94 (103178)
Seat 7: rock2as (76803)
Seat 8: deuf73 (83403)
Seat 9: Sir.WinALot (122741)
*** ANTE/BLINDS ***
rock2as posts ante 430
deuf73 posts ante 430
Ste Therese posts ante 430
manggy94 posts ante 430
Sir.WinALot posts ante 430
rock2as posts small blind 1500
deuf73 posts big blind 3000
Dealt to manggy94 [Ad Kh]
*** PRE-FLOP *** 
Sir.WinALot raises 3000 to 6000
Ste Therese folds
manggy94 raises 96748 to 102748 and is all-in
rock2as folds
deuf73 folds
Sir.WinALot folds
manggy94 collected 115398 from pot
*** SUMMARY ***
Total pot 115398 | No rake
Seat 6: manggy94 (button) won 115398


Winamax Poker - Tournament "KILL THE FISH" buyIn: 3,50€ + 1,50€ level: 15 - HandId: #572025648814489602-108-1445439126 - Holdem no limit (430/1500/3000) - 2015/10/21 14:52:06 UTC
Table: 'KILL THE FISH(133185100)#001' 9-max (real money) Seat #7 is the button
Seat 3: Ste Therese (44870)
Seat 6: manggy94 (115398)
Seat 7: rock2as (74873)
Seat 8: deuf73 (79973)
Seat 9: Sir.WinALot (116311)
*** ANTE/BLINDS ***
deuf73 posts ante 430
Sir.WinALot posts ante 430
Ste Therese posts ante 430
manggy94 posts ante 430
rock2as posts ante 430
deuf73 posts small blind 1500
Sir.WinALot posts big blind 3000
Dealt to manggy94 [Jc 6d]
*** PRE-FLOP *** 
Ste Therese folds
manggy94 folds
rock2as folds
deuf73 calls 1500
Sir.WinALot checks
*** FLOP *** [9d 3d Th]
deuf73 checks
Sir.WinALot bets 4075
deuf73 folds
Sir.WinALot collected 12225 from pot
*** SUMMARY ***
Total pot 12225 | No rake
Board: [9d 3d Th]
Seat 9: Sir.WinALot (big blind) won 12225


Winamax Poker - Tournament "KILL THE FISH" buyIn: 3,50€ + 1,50€ level: 15 - HandId: #572025648814489602-109-1445439167 - Holdem no limit (430/1500/3000) - 2015/10/21 14:52:47 UTC
Table: 'KILL THE FISH(133185100)#001' 9-max (real money) Seat #8 is the button
Seat 1: atoupok (80282)
Seat 2: nochon02 (52216)
Seat 3: Ste Therese (44440)
Seat 4: narnaud69 (109289)
Seat 5: Milulla (43547)
Seat 6: manggy94 (114968)
Seat 7: rock2as (74443)
Seat 8: deuf73 (76543)
Seat 9: Sir.WinALot (121031)
*** ANTE/BLINDS ***
Sir.WinALot posts ante 430
atoupok posts ante 430
nochon02 posts ante 430
Ste Therese posts ante 430
narnaud69 posts ante 430
Milulla posts ante 430
manggy94 posts ante 430
rock2as posts ante 430
deuf73 posts ante 430
Sir.WinALot posts small blind 1500
atoupok posts big blind 3000
Dealt to manggy94 [Tc As]
*** PRE-FLOP *** 
nochon02 folds
Ste Therese folds
narnaud69 calls 3000
Milulla raises 3000 to 6000
manggy94 calls 6000
rock2as folds
deuf73 folds
Sir.WinALot folds
atoupok calls 3000
narnaud69 calls 3000
*** FLOP *** [7d Jd 9s]
atoupok bets 3000
narnaud69 calls 3000
Milulla calls 3000
manggy94 calls 3000
*** TURN *** [7d Jd 9s][Ah]
atoupok checks
narnaud69 bets 3000
Milulla raises 31117 to 34117 and is all-in
manggy94 calls 34117
atoupok folds
narnaud69 folds
*** RIVER *** [7d Jd 9s Ah][Qd]
*** SHOW DOWN ***
manggy94 shows [Tc As] (One pair : Aces)
Milulla shows [Ad 7s] (Two pairs : Aces and 7)
Milulla collected 112604 from pot
*** SUMMARY ***
Total pot 112604 | No rake
Board: [7d Jd 9s Ah Qd]
Seat 5: Milulla showed [Ad 7s] and won 112604 with Two pairs : Aces and 7
Seat 6: manggy94 showed [Tc As] and lost with One pair : Aces


Winamax Poker - Tournament "KILL THE FISH" buyIn: 3,50€ + 1,50€ level: 15 - HandId: #572025648814489602-110-1445439230 - Holdem no limit (430/1500/3000) - 2015/10/21 14:53:50 UTC
Table: 'KILL THE FISH(133185100)#001' 9-max (real money) Seat #9 is the button
Seat 1: atoupok (70852)
Seat 2: nochon02 (51786)
Seat 3: Ste Therese (44010)
Seat 5: Milulla (112604)
Seat 6: manggy94 (71421)
Seat 7: rock2as (74013)
Seat 8: deuf73 (76113)
Seat 9: Sir.WinALot (119101)
*** ANTE/BLINDS ***
atoupok posts ante 430
nochon02 posts ante 430
Ste Therese posts ante 430
Milulla posts ante 430
manggy94 posts ante 430
rock2as posts ante 430
deuf73 posts ante 430
Sir.WinALot posts ante 430
atoupok posts small blind 1500
nochon02 posts big blind 3000
Dealt to manggy94 [As Ad]
*** PRE-FLOP *** 
Ste Therese folds
Milulla raises 3000 to 6000
manggy94 raises 64991 to 70991 and is all-in
rock2as folds
deuf73 folds
Sir.WinALot folds
atoupok folds
nochon02 folds
Milulla folds
manggy94 collected 84931 from pot
*** SUMMARY ***
Total pot 84931 | No rake
Seat 6: manggy94 won 84931


Winamax Poker - Tournament "KILL THE FISH" buyIn: 3,50€ + 1,50€ level: 15 - HandId: #572025648814489602-111-1445439281 - Holdem no limit (430/1500/3000) - 2015/10/21 14:54:41 UTC
Table: 'KILL THE FISH(133185100)#001' 9-max (real money) Seat #1 is the button
Seat 1: atoupok (68922)
Seat 2: nochon02 (48356)
Seat 3: Ste Therese (43580)
Seat 5: Milulla (106174)
Seat 6: manggy94 (84931)
Seat 7: rock2as (73583)
Seat 8: deuf73 (75683)
Seat 9: Sir.WinALot (118671)
*** ANTE/BLINDS ***
nochon02 posts ante 430
Ste Therese posts ante 430
atoupok posts ante 430
Milulla posts ante 430
manggy94 posts ante 430
rock2as posts ante 430
deuf73 posts ante 430
Sir.WinALot posts ante 430
nochon02 posts small blind 1500
Ste Therese posts big blind 3000
Dealt to manggy94 [6s 5h]
*** PRE-FLOP *** 
Milulla folds
manggy94 folds
rock2as folds
deuf73 calls 3000
Sir.WinALot folds
atoupok folds
nochon02 calls 1500
Ste Therese checks
*** FLOP *** [Kd 4s 2h]
nochon02 checks
Ste Therese bets 3000
deuf73 calls 3000
nochon02 raises 4500 to 7500
Ste Therese folds
deuf73 folds
nochon02 collected 25940 from pot
*** SUMMARY ***
Total pot 25940 | No rake
Board: [Kd 4s 2h]
Seat 2: nochon02 (small blind) won 25940


Winamax Poker - Tournament "KILL THE FISH" buyIn: 3,50€ + 1,50€ level: 15 - HandId: #572025648814489602-112-1445439602 - Holdem no limit (430/1500/3000) - 2015/10/21 15:00:02 UTC
Table: 'KILL THE FISH(133185100)#001' 9-max (real money) Seat #2 is the button
Seat 1: atoupok (68492)
Seat 2: nochon02 (63366)
Seat 3: Ste Therese (37150)
Seat 5: Milulla (105744)
Seat 6: manggy94 (84501)
Seat 7: rock2as (73153)
Seat 8: deuf73 (69253)
Seat 9: Sir.WinALot (118241)
*** ANTE/BLINDS ***
Ste Therese posts ante 430
Milulla posts ante 430
atoupok posts ante 430
nochon02 posts ante 430
manggy94 posts ante 430
rock2as posts ante 430
deuf73 posts ante 430
Sir.WinALot posts ante 430
Ste Therese posts small blind 1500
Milulla posts big blind 3000
Dealt to manggy94 [Kd 8c]
*** PRE-FLOP *** 
manggy94 folds
rock2as folds
deuf73 folds
Sir.WinALot folds
atoupok folds
nochon02 folds
Ste Therese folds
Milulla collected 7940 from pot
*** SUMMARY ***
Total pot 7940 | No rake
Seat 5: Milulla (big blind) won 7940


Winamax Poker - Tournament "KILL THE FISH" buyIn: 3,50€ + 1,50€ level: 15 - HandId: #572025648814489602-113-1445439657 - Holdem no limit (430/1500/3000) - 2015/10/21 15:00:57 UTC
Table: 'KILL THE FISH(133185100)#001' 9-max (real money) Seat #3 is the button
Seat 1: atoupok (68062)
Seat 2: nochon02 (62936)
Seat 3: Ste Therese (35220)
Seat 5: Milulla (110254)
Seat 6: manggy94 (84071)
Seat 7: rock2as (72723)
Seat 8: deuf73 (68823)
Seat 9: Sir.WinALot (117811)
*** ANTE/BLINDS ***
Milulla posts ante 430
manggy94 posts ante 430
atoupok posts ante 430
nochon02 posts ante 430
Ste Therese posts ante 430
rock2as posts ante 430
deuf73 posts ante 430
Sir.WinALot posts ante 430
Milulla posts small blind 1500
manggy94 posts big blind 3000
Dealt to manggy94 [3s 6h]
*** PRE-FLOP *** 
rock2as folds
deuf73 folds
Sir.WinALot folds
atoupok folds
nochon02 folds
Ste Therese folds
Milulla raises 3000 to 6000
manggy94 folds
Milulla collected 12440 from pot
*** SUMMARY ***
Total pot 12440 | No rake
Seat 5: Milulla (small blind) won 12440


Winamax Poker - Tournament "KILL THE FISH" buyIn: 3,50€ + 1,50€ level: 16 - HandId: #572025648814489602-114-1445439687 - Holdem no limit (500/2000/4000) - 2015/10/21 15:01:27 UTC
Table: 'KILL THE FISH(133185100)#001' 9-max (real money) Seat #5 is the button
Seat 1: atoupok (67632)
Seat 2: nochon02 (62506)
Seat 3: Ste Therese (34790)
Seat 5: Milulla (116264)
Seat 6: manggy94 (80641)
Seat 7: rock2as (72293)
Seat 8: deuf73 (68393)
Seat 9: Sir.WinALot (117381)
*** ANTE/BLINDS ***
manggy94 posts ante 500
rock2as posts ante 500
atoupok posts ante 500
nochon02 posts ante 500
Ste Therese posts ante 500
Milulla posts ante 500
deuf73 posts ante 500
Sir.WinALot posts ante 500
manggy94 posts small blind 2000
rock2as posts big blind 4000
Dealt to manggy94 [6d As]
*** PRE-FLOP *** 
deuf73 folds
Sir.WinALot folds
atoupok folds
nochon02 calls 4000
Ste Therese folds
Milulla calls 4000
manggy94 calls 2000
rock2as checks
*** FLOP *** [3c Qd 3h]
manggy94 checks
rock2as checks
nochon02 bets 13333
Milulla folds
manggy94 folds
rock2as folds
nochon02 collected 33333 from pot
*** SUMMARY ***
Total pot 33333 | No rake
Board: [3c Qd 3h]
Seat 2: nochon02 won 33333


Winamax Poker - Tournament "KILL THE FISH" buyIn: 3,50€ + 1,50€ level: 16 - HandId: #572025648814489602-115-1445439752 - Holdem no limit (500/2000/4000) - 2015/10/21 15:02:32 UTC
Table: 'KILL THE FISH(133185100)#001' 9-max (real money) Seat #6 is the button
Seat 1: atoupok (67132)
Seat 2: nochon02 (78006)
Seat 3: Ste Therese (34290)
Seat 5: Milulla (111764)
Seat 6: manggy94 (76141)
Seat 7: rock2as (67793)
Seat 8: deuf73 (67893)
Seat 9: Sir.WinALot (116881)
*** ANTE/BLINDS ***
rock2as posts ante 500
deuf73 posts ante 500
atoupok posts ante 500
nochon02 posts ante 500
Ste Therese posts ante 500
Milulla posts ante 500
manggy94 posts ante 500
Sir.WinALot posts ante 500
rock2as posts small blind 2000
deuf73 posts big blind 4000
Dealt to manggy94 [4d 9c]
*** PRE-FLOP *** 
Sir.WinALot folds
atoupok raises 62632 to 66632 and is all-in
nochon02 folds
Ste Therese folds
Milulla folds
manggy94 folds
rock2as folds
deuf73 folds
atoupok collected 76632 from pot
*** SUMMARY ***
Total pot 76632 | No rake
Seat 1: atoupok won 76632


Winamax Poker - Tournament "KILL THE FISH" buyIn: 3,50€ + 1,50€ level: 16 - HandId: #572025648814489602-116-1445439834 - Holdem no limit (500/2000/4000) - 2015/10/21 15:03:54 UTC
Table: 'KILL THE FISH(133185100)#001' 9-max (real money) Seat #7 is the button
Seat 1: atoupok (76632)
Seat 2: nochon02 (77506)
Seat 3: Ste Therese (33790)
Seat 5: Milulla (111264)
Seat 6: manggy94 (75641)
Seat 7: rock2as (65293)
Seat 8: deuf73 (63393)
Seat 9: Sir.WinALot (116381)
*** ANTE/BLINDS ***
deuf73 posts ante 500
Sir.WinALot posts ante 500
atoupok posts ante 500
nochon02 posts ante 500
Ste Therese posts ante 500
Milulla posts ante 500
manggy94 posts ante 500
rock2as posts ante 500
deuf73 posts small blind 2000
Sir.WinALot posts big blind 4000
Dealt to manggy94 [Ts 7h]
*** PRE-FLOP *** 
atoupok folds
nochon02 folds
Ste Therese folds
Milulla folds
manggy94 folds
rock2as folds
deuf73 folds
Sir.WinALot collected 10000 from pot
*** SUMMARY ***
Total pot 10000 | No rake
Seat 9: Sir.WinALot (big blind) won 10000


Winamax Poker - Tournament "KILL THE FISH" buyIn: 3,50€ + 1,50€ level: 16 - HandId: #572025648814489602-117-1445439882 - Holdem no limit (500/2000/4000) - 2015/10/21 15:04:42 UTC
Table: 'KILL THE FISH(133185100)#001' 9-max (real money) Seat #8 is the button
Seat 1: atoupok (76132)
Seat 2: nochon02 (77006)
Seat 3: Ste Therese (33290)
Seat 5: Milulla (110764)
Seat 6: manggy94 (75141)
Seat 7: rock2as (64793)
Seat 8: deuf73 (60893)
Seat 9: Sir.WinALot (121881)
*** ANTE/BLINDS ***
Sir.WinALot posts ante 500
atoupok posts ante 500
nochon02 posts ante 500
Ste Therese posts ante 500
Milulla posts ante 500
manggy94 posts ante 500
rock2as posts ante 500
deuf73 posts ante 500
Sir.WinALot posts small blind 2000
atoupok posts big blind 4000
Dealt to manggy94 [Kh Jh]
*** PRE-FLOP *** 
nochon02 folds
Ste Therese folds
Milulla raises 4000 to 8000
manggy94 calls 8000
rock2as folds
deuf73 folds
Sir.WinALot folds
atoupok folds
*** FLOP *** [Ks Qc 2s]
Milulla checks
manggy94 bets 66641 and is all-in
Milulla folds
manggy94 collected 92641 from pot
*** SUMMARY ***
Total pot 92641 | No rake
Board: [Ks Qc 2s]
Seat 6: manggy94 won 92641


Winamax Poker - Tournament "KILL THE FISH" buyIn: 3,50€ + 1,50€ level: 16 - HandId: #572025648814489602-118-1445439964 - Holdem no limit (500/2000/4000) - 2015/10/21 15:06:04 UTC
Table: 'KILL THE FISH(133185100)#001' 9-max (real money) Seat #9 is the button
Seat 1: atoupok (71632)
Seat 2: nochon02 (76506)
Seat 3: Ste Therese (32790)
Seat 4: 8freedom3 (39900)
Seat 5: Milulla (102264)
Seat 6: manggy94 (92641)
Seat 7: rock2as (64293)
Seat 8: deuf73 (60393)
Seat 9: Sir.WinALot (119381)
*** ANTE/BLINDS ***
atoupok posts ante 500
nochon02 posts ante 500
Ste Therese posts ante 500
8freedom3 posts ante 500
Milulla posts ante 500
manggy94 posts ante 500
rock2as posts ante 500
deuf73 posts ante 500
Sir.WinALot posts ante 500
atoupok posts small blind 2000
nochon02 posts big blind 4000
Dealt to manggy94 [4d Js]
*** PRE-FLOP *** 
Ste Therese raises 28290 to 32290 and is all-in
8freedom3 folds
Milulla folds
manggy94 folds
rock2as folds
deuf73 folds
Sir.WinALot folds
atoupok folds
nochon02 folds
Ste Therese collected 42790 from pot
*** SUMMARY ***
Total pot 42790 | No rake
Seat 3: Ste Therese won 42790


Winamax Poker - Tournament "KILL THE FISH" buyIn: 3,50€ + 1,50€ level: 17 - HandId: #572025648814489602-119-1445440042 - Holdem no limit (620/2500/5000) - 2015/10/21 15:07:22 UTC
Table: 'KILL THE FISH(133185100)#001' 9-max (real money) Seat #1 is the button
Seat 1: atoupok (69132)
Seat 2: nochon02 (72006)
Seat 3: Ste Therese (42790)
Seat 4: 8freedom3 (39400)
Seat 5: Milulla (101764)
Seat 6: manggy94 (92141)
Seat 7: rock2as (63793)
Seat 8: deuf73 (59893)
Seat 9: Sir.WinALot (118881)
*** ANTE/BLINDS ***
nochon02 posts ante 620
Ste Therese posts ante 620
atoupok posts ante 620
8freedom3 posts ante 620
Milulla posts ante 620
manggy94 posts ante 620
rock2as posts ante 620
deuf73 posts ante 620
Sir.WinALot posts ante 620
nochon02 posts small blind 2500
Ste Therese posts big blind 5000
Dealt to manggy94 [5d Ad]
*** PRE-FLOP *** 
8freedom3 folds
Milulla folds
manggy94 calls 5000
rock2as calls 5000
deuf73 calls 5000
Sir.WinALot folds
atoupok folds
nochon02 folds
Ste Therese checks
*** FLOP *** [8s 7d 7c]
Ste Therese checks
manggy94 checks
rock2as checks
deuf73 bets 14040
Ste Therese folds
manggy94 folds
rock2as folds
deuf73 collected 42120 from pot
*** SUMMARY ***
Total pot 42120 | No rake
Board: [8s 7d 7c]
Seat 8: deuf73 won 42120


Winamax Poker - Tournament "KILL THE FISH" buyIn: 3,50€ + 1,50€ level: 17 - HandId: #572025648814489602-120-1445440141 - Holdem no limit (620/2500/5000) - 2015/10/21 15:09:01 UTC
Table: 'KILL THE FISH(133185100)#001' 9-max (real money) Seat #2 is the button
Seat 1: atoupok (68512)
Seat 2: nochon02 (68886)
Seat 3: Ste Therese (37170)
Seat 4: 8freedom3 (38780)
Seat 5: Milulla (101144)
Seat 6: manggy94 (86521)
Seat 7: rock2as (58173)
Seat 8: deuf73 (82353)
Seat 9: Sir.WinALot (118261)
*** ANTE/BLINDS ***
Ste Therese posts ante 620
8freedom3 posts ante 620
atoupok posts ante 620
nochon02 posts ante 620
Milulla posts ante 620
manggy94 posts ante 620
rock2as posts ante 620
deuf73 posts ante 620
Sir.WinALot posts ante 620
Ste Therese posts small blind 2500
8freedom3 posts big blind 5000
Dealt to manggy94 [Jh 6h]
*** PRE-FLOP *** 
Milulla folds
manggy94 folds
rock2as folds
deuf73 folds
Sir.WinALot raises 5000 to 10000
atoupok folds
nochon02 folds
Ste Therese raises 26550 to 36550 and is all-in
8freedom3 folds
Sir.WinALot calls 26550
*** FLOP *** [7c 2d Qc]
*** TURN *** [7c 2d Qc][2c]
*** RIVER *** [7c 2d Qc 2c][6s]
*** SHOW DOWN ***
Ste Therese shows [Ah Kc] (One pair : 2)
Sir.WinALot shows [Ac 9c] (Flush Ace high)
Sir.WinALot collected 83680 from pot
*** SUMMARY ***
Total pot 83680 | No rake
Board: [7c 2d Qc 2c 6s]
Seat 3: Ste Therese (small blind) showed [Ah Kc] and lost with One pair : 2
Seat 9: Sir.WinALot showed [Ac 9c] and won 83680 with Flush Ace high


Winamax Poker - Tournament "KILL THE FISH" buyIn: 3,50€ + 1,50€ level: 17 - HandId: #572025648814489602-121-1445440202 - Holdem no limit (620/2500/5000) - 2015/10/21 15:10:02 UTC
Table: 'KILL THE FISH(133185100)#001' 9-max (real money) Seat #3 is the button
Seat 1: atoupok (67892)
Seat 2: nochon02 (68266)
Seat 4: 8freedom3 (33160)
Seat 5: Milulla (100524)
Seat 6: manggy94 (85901)
Seat 7: rock2as (57553)
Seat 8: deuf73 (81733)
Seat 9: Sir.WinALot (164771)
*** ANTE/BLINDS ***
8freedom3 posts ante 620
Milulla posts ante 620
atoupok posts ante 620
nochon02 posts ante 620
manggy94 posts ante 620
rock2as posts ante 620
deuf73 posts ante 620
Sir.WinALot posts ante 620
8freedom3 posts small blind 2500
Milulla posts big blind 5000
Dealt to manggy94 [7c Jc]
*** PRE-FLOP *** 
manggy94 folds
rock2as raises 7501 to 12501
deuf73 folds
Sir.WinALot folds
atoupok folds
nochon02 folds
8freedom3 folds
Milulla folds
rock2as collected 24961 from pot
*** SUMMARY ***
Total pot 24961 | No rake
Seat 7: rock2as won 24961


Winamax Poker - Tournament "KILL THE FISH" buyIn: 3,50€ + 1,50€ level: 17 - HandId: #572025648814489602-122-1445440234 - Holdem no limit (620/2500/5000) - 2015/10/21 15:10:34 UTC
Table: 'KILL THE FISH(133185100)#001' 9-max (real money) Seat #4 is the button
Seat 1: atoupok (67272)
Seat 2: nochon02 (67646)
Seat 4: 8freedom3 (30040)
Seat 5: Milulla (94904)
Seat 6: manggy94 (85281)
Seat 7: rock2as (69393)
Seat 8: deuf73 (81113)
Seat 9: Sir.WinALot (164151)
*** ANTE/BLINDS ***
Milulla posts ante 620
manggy94 posts ante 620
atoupok posts ante 620
nochon02 posts ante 620
8freedom3 posts ante 620
rock2as posts ante 620
deuf73 posts ante 620
Sir.WinALot posts ante 620
Milulla posts small blind 2500
manggy94 posts big blind 5000
Dealt to manggy94 [2d Ts]
*** PRE-FLOP *** 
rock2as folds
deuf73 folds
Sir.WinALot raises 5000 to 10000
atoupok raises 56652 to 66652 and is all-in
nochon02 folds
8freedom3 folds
Milulla folds
manggy94 folds
Sir.WinALot folds
atoupok collected 89112 from pot
*** SUMMARY ***
Total pot 89112 | No rake
Seat 1: atoupok won 89112


Winamax Poker - Tournament "KILL THE FISH" buyIn: 3,50€ + 1,50€ level: 17 - HandId: #572025648814489602-123-1445440296 - Holdem no limit (620/2500/5000) - 2015/10/21 15:11:36 UTC
Table: 'KILL THE FISH(133185100)#001' 9-max (real money) Seat #5 is the button
Seat 1: atoupok (89112)
Seat 2: nochon02 (67026)
Seat 4: 8freedom3 (29420)
Seat 5: Milulla (91784)
Seat 6: manggy94 (79661)
Seat 7: rock2as (68773)
Seat 8: deuf73 (80493)
Seat 9: Sir.WinALot (153531)
*** ANTE/BLINDS ***
manggy94 posts ante 620
rock2as posts ante 620
atoupok posts ante 620
nochon02 posts ante 620
8freedom3 posts ante 620
Milulla posts ante 620
deuf73 posts ante 620
Sir.WinALot posts ante 620
manggy94 posts small blind 2500
rock2as posts big blind 5000
Dealt to manggy94 [Kh Ts]
*** PRE-FLOP *** 
deuf73 folds
Sir.WinALot folds
atoupok folds
nochon02 folds
8freedom3 calls 5000
Milulla folds
manggy94 calls 2500
rock2as checks
*** FLOP *** [Tc Js 7d]
manggy94 bets 42500
rock2as folds
8freedom3 calls 23800 and is all-in
*** TURN *** [Tc Js 7d][4s]
*** RIVER *** [Tc Js 7d 4s][9c]
*** SHOW DOWN ***
8freedom3 shows [Qd Jd] (One pair : Jacks)
manggy94 shows [Kh Ts] (One pair : Tens)
manggy94 collected 18700 from side pot 1
8freedom3 collected 67560 from main pot
*** SUMMARY ***
Total pot 86260 | No rake
Board: [Tc Js 7d 4s 9c]
Seat 4: 8freedom3 showed [Qd Jd] and won 67560 with One pair : Jacks
Seat 6: manggy94 (small blind) showed [Kh Ts] and won 18700 with One pair : Tens


Winamax Poker - Tournament "KILL THE FISH" buyIn: 3,50€ + 1,50€ level: 17 - HandId: #572025648814489602-124-1445440373 - Holdem no limit (620/2500/5000) - 2015/10/21 15:12:53 UTC
Table: 'KILL THE FISH(133185100)#001' 9-max (real money) Seat #6 is the button
Seat 1: atoupok (88492)
Seat 2: nochon02 (66406)
Seat 4: 8freedom3 (67560)
Seat 5: Milulla (91164)
Seat 6: manggy94 (50241)
Seat 7: rock2as (63153)
Seat 8: deuf73 (79873)
Seat 9: Sir.WinALot (152911)
*** ANTE/BLINDS ***
rock2as posts ante 620
deuf73 posts ante 620
atoupok posts ante 620
nochon02 posts ante 620
8freedom3 posts ante 620
Milulla posts ante 620
manggy94 posts ante 620
Sir.WinALot posts ante 620
rock2as posts small blind 2500
deuf73 posts big blind 5000
Dealt to manggy94 [Qc 2h]
*** PRE-FLOP *** 
Sir.WinALot folds
atoupok folds
nochon02 folds
8freedom3 folds
Milulla folds
manggy94 folds
rock2as calls 2500
deuf73 checks
*** FLOP *** [4c 2d Js]
rock2as bets 5000
deuf73 calls 5000
*** TURN *** [4c 2d Js][Ks]
rock2as checks
deuf73 bets 12480
rock2as folds
deuf73 collected 37440 from pot
*** SUMMARY ***
Total pot 37440 | No rake
Board: [4c 2d Js Ks]
Seat 8: deuf73 (big blind) won 37440


Winamax Poker - Tournament "KILL THE FISH" buyIn: 3,50€ + 1,50€ level: 18 - HandId: #572025648814489602-125-1445440458 - Holdem no limit (820/3000/6000) - 2015/10/21 15:14:18 UTC
Table: 'KILL THE FISH(133185100)#001' 9-max (real money) Seat #7 is the button
Seat 1: atoupok (87872)
Seat 2: nochon02 (65786)
Seat 4: 8freedom3 (66940)
Seat 5: Milulla (90544)
Seat 6: manggy94 (49621)
Seat 7: rock2as (52533)
Seat 8: deuf73 (94213)
Seat 9: Sir.WinALot (152291)
*** ANTE/BLINDS ***
deuf73 posts ante 820
Sir.WinALot posts ante 820
atoupok posts ante 820
nochon02 posts ante 820
8freedom3 posts ante 820
Milulla posts ante 820
manggy94 posts ante 820
rock2as posts ante 820
deuf73 posts small blind 3000
Sir.WinALot posts big blind 6000
Dealt to manggy94 [6d 8c]
*** PRE-FLOP *** 
atoupok folds
nochon02 raises 58966 to 64966 and is all-in
8freedom3 folds
Milulla calls 64966
manggy94 folds
rock2as folds
deuf73 folds
Sir.WinALot folds
*** FLOP *** [4s 3d 6h]
*** TURN *** [4s 3d 6h][5c]
*** RIVER *** [4s 3d 6h 5c][9c]
*** SHOW DOWN ***
nochon02 shows [As Td] (High card : Ace)
Milulla shows [Jc Ad] (High card : Ace)
Milulla collected 145492 from pot
*** SUMMARY ***
Total pot 145492 | No rake
Board: [4s 3d 6h 5c 9c]
Seat 2: nochon02 showed [As Td] and lost with High card : Ace
Seat 5: Milulla showed [Jc Ad] and won 145492 with High card : Ace


Winamax Poker - Tournament "KILL THE FISH" buyIn: 3,50€ + 1,50€ level: 18 - HandId: #572025648814489602-126-1445440542 - Holdem no limit (820/3000/6000) - 2015/10/21 15:15:42 UTC
Table: 'KILL THE FISH(133185100)#001' 9-max (real money) Seat #8 is the button
Seat 1: atoupok (87052)
Seat 4: 8freedom3 (66120)
Seat 5: Milulla (170250)
Seat 6: manggy94 (48801)
Seat 7: rock2as (51713)
Seat 8: deuf73 (90393)
Seat 9: Sir.WinALot (145471)
*** ANTE/BLINDS ***
Sir.WinALot posts ante 820
atoupok posts ante 820
8freedom3 posts ante 820
Milulla posts ante 820
manggy94 posts ante 820
rock2as posts ante 820
deuf73 posts ante 820
Sir.WinALot posts small blind 3000
atoupok posts big blind 6000
Dealt to manggy94 [2s 9c]
*** PRE-FLOP *** 
8freedom3 calls 6000
Milulla folds
manggy94 folds
rock2as raises 44893 to 50893 and is all-in
deuf73 folds
Sir.WinALot folds
atoupok calls 44893
8freedom3 folds
*** FLOP *** [3h 8h Kh]
*** TURN *** [3h 8h Kh][4d]
*** RIVER *** [3h 8h Kh 4d][Qh]
*** SHOW DOWN ***
atoupok shows [Jh Ks] (Flush King high)
rock2as shows [Ah As] (Flush Ace high)
rock2as collected 116526 from pot
*** SUMMARY ***
Total pot 116526 | No rake
Board: [3h 8h Kh 4d Qh]
Seat 1: atoupok (big blind) showed [Jh Ks] and lost with Flush King high
Seat 7: rock2as showed [Ah As] and won 116526 with Flush Ace high


Winamax Poker - Tournament "KILL THE FISH" buyIn: 3,50€ + 1,50€ level: 18 - HandId: #572025648814489602-127-1445440590 - Holdem no limit (820/3000/6000) - 2015/10/21 15:16:30 UTC
Table: 'KILL THE FISH(133185100)#001' 9-max (real money) Seat #9 is the button
Seat 1: atoupok (35339)
Seat 4: 8freedom3 (59300)
Seat 5: Milulla (169430)
Seat 6: manggy94 (47981)
Seat 7: rock2as (116526)
Seat 8: deuf73 (89573)
Seat 9: Sir.WinALot (141651)
*** ANTE/BLINDS ***
atoupok posts ante 820
8freedom3 posts ante 820
Milulla posts ante 820
manggy94 posts ante 820
rock2as posts ante 820
deuf73 posts ante 820
Sir.WinALot posts ante 820
atoupok posts small blind 3000
8freedom3 posts big blind 6000
Dealt to manggy94 [Ah 4c]
*** PRE-FLOP *** 
Milulla folds
manggy94 folds
rock2as folds
deuf73 folds
Sir.WinALot folds
atoupok raises 28519 to 34519 and is all-in
8freedom3 folds
atoupok collected 46259 from pot
*** SUMMARY ***
Total pot 46259 | No rake
Seat 1: atoupok (small blind) won 46259


Winamax Poker - Tournament "KILL THE FISH" buyIn: 3,50€ + 1,50€ level: 18 - HandId: #572025648814489602-128-1445440647 - Holdem no limit (820/3000/6000) - 2015/10/21 15:17:27 UTC
Table: 'KILL THE FISH(133185100)#001' 9-max (real money) Seat #4 is the button
Seat 1: deuf73 (88753)
Seat 2: rudyfive (422323)
Seat 3: manggy94 (47161)
Seat 4: Milulla (168610)
Seat 5: atoupok (46259)
Seat 6: rock2as (115706)
Seat 7: malherbe (129403)
Seat 8: Flocho6464 (56605)
Seat 9: Nael76 (209268)
*** ANTE/BLINDS ***
Milulla posts ante 820
atoupok posts ante 820
Milulla posts small blind 3000
atoupok posts big blind 6000
*** PRE-FLOP *** 
Milulla raises 6000 to 12000
atoupok raises 33439 to 45439 and is all-in
Milulla folds
atoupok collected 59079 from pot
*** SUMMARY ***
Total pot 59079 | No rake
Seat 5: atoupok (big blind) won 59079


Winamax Poker - Tournament "KILL THE FISH" buyIn: 3,50€ + 1,50€ level: 18 - HandId: #572025648814489602-129-1445440668 - Holdem no limit (820/3000/6000) - 2015/10/21 15:17:48 UTC
Table: 'KILL THE FISH(133185100)#001' 9-max (real money) Seat #4 is the button
Seat 1: deuf73 (88753)
Seat 2: rudyfive (422323)
Seat 3: manggy94 (47161)
Seat 4: Milulla (155790)
Seat 5: atoupok (59079)
Seat 6: rock2as (115706)
Seat 7: malherbe (129403)
Seat 8: Flocho6464 (56605)
Seat 9: Nael76 (209268)
*** ANTE/BLINDS ***
atoupok posts ante 820
rock2as posts ante 820
deuf73 posts ante 820
rudyfive posts ante 820
manggy94 posts ante 820
Milulla posts ante 820
malherbe posts ante 820
Flocho6464 posts ante 820
Nael76 posts ante 820
atoupok posts small blind 3000
rock2as posts big blind 6000
Dealt to manggy94 [7h Ts]
*** PRE-FLOP *** 
malherbe folds
Flocho6464 folds
Nael76 folds
deuf73 folds
rudyfive folds
manggy94 folds
Milulla raises 12000 to 18000
atoupok folds
rock2as folds
Milulla collected 34380 from pot
*** SUMMARY ***
Total pot 34380 | No rake
Seat 4: Milulla (button) won 34380


Winamax Poker - Tournament "KILL THE FISH" buyIn: 3,50€ + 1,50€ level: 18 - HandId: #572025648814489602-130-1445440709 - Holdem no limit (820/3000/6000) - 2015/10/21 15:18:29 UTC
Table: 'KILL THE FISH(133185100)#001' 9-max (real money) Seat #5 is the button
Seat 1: deuf73 (87933)
Seat 2: rudyfive (421503)
Seat 3: manggy94 (46341)
Seat 4: Milulla (171350)
Seat 5: atoupok (55259)
Seat 6: rock2as (108886)
Seat 7: malherbe (128583)
Seat 8: Flocho6464 (55785)
Seat 9: Nael76 (208448)
*** ANTE/BLINDS ***
rock2as posts ante 820
malherbe posts ante 820
deuf73 posts ante 820
rudyfive posts ante 820
manggy94 posts ante 820
Milulla posts ante 820
atoupok posts ante 820
Flocho6464 posts ante 820
Nael76 posts ante 820
rock2as posts small blind 3000
malherbe posts big blind 6000
Dealt to manggy94 [8h 9d]
*** PRE-FLOP *** 
Flocho6464 folds
Nael76 folds
deuf73 folds
rudyfive calls 6000
manggy94 folds
Milulla folds
atoupok folds
rock2as calls 3000
malherbe checks
*** FLOP *** [3h Js 8c]
rock2as checks
malherbe checks
rudyfive checks
*** TURN *** [3h Js 8c][2c]
rock2as checks
malherbe bets 12690
rudyfive calls 12690
rock2as folds
*** RIVER *** [3h Js 8c 2c][4c]
malherbe checks
rudyfive bets 33840
malherbe folds
rudyfive collected 84600 from pot
*** SUMMARY ***
Total pot 84600 | No rake
Board: [3h Js 8c 2c 4c]
Seat 2: rudyfive won 84600


Winamax Poker - Tournament "KILL THE FISH" buyIn: 3,50€ + 1,50€ level: 19 - HandId: #572025648814489602-131-1445440796 - Holdem no limit (950/4000/8000) - 2015/10/21 15:19:56 UTC
Table: 'KILL THE FISH(133185100)#001' 9-max (real money) Seat #6 is the button
Seat 3: manggy94 (45521)
Seat 4: Milulla (170530)
Seat 5: atoupok (54439)
Seat 6: rock2as (102066)
Seat 7: malherbe (109073)
Seat 8: Flocho6464 (54965)
Seat 9: Nael76 (207628)
*** ANTE/BLINDS ***
malherbe posts ante 950
Flocho6464 posts ante 950
manggy94 posts ante 950
Milulla posts ante 950
atoupok posts ante 950
rock2as posts ante 950
Nael76 posts ante 950
malherbe posts small blind 4000
Flocho6464 posts big blind 8000
Dealt to manggy94 [4c Ad]
*** PRE-FLOP *** 
Nael76 folds
manggy94 folds
Milulla folds
atoupok folds
rock2as folds
malherbe raises 100123 to 108123 and is all-in
Flocho6464 folds
malherbe collected 122773 from pot
*** SUMMARY ***
Total pot 122773 | No rake
Seat 7: malherbe (small blind) won 122773


Winamax Poker - Tournament "KILL THE FISH" buyIn: 3,50€ + 1,50€ level: 19 - HandId: #572025648814489602-132-1445440855 - Holdem no limit (950/4000/8000) - 2015/10/21 15:20:55 UTC
Table: 'KILL THE FISH(133185100)#001' 9-max (real money) Seat #7 is the button
Seat 3: manggy94 (44571)
Seat 4: Milulla (169580)
Seat 5: atoupok (53489)
Seat 6: rock2as (101116)
Seat 7: malherbe (122773)
Seat 8: Flocho6464 (46015)
Seat 9: Nael76 (206678)
*** ANTE/BLINDS ***
Flocho6464 posts ante 950
Nael76 posts ante 950
manggy94 posts ante 950
Milulla posts ante 950
atoupok posts ante 950
rock2as posts ante 950
malherbe posts ante 950
Flocho6464 posts small blind 4000
Nael76 posts big blind 8000
Dealt to manggy94 [Ts 7s]
*** PRE-FLOP *** 
manggy94 folds
Milulla raises 8000 to 16000
atoupok folds
rock2as folds
malherbe folds
Flocho6464 folds
Nael76 folds
Milulla collected 34650 from pot
*** SUMMARY ***
Total pot 34650 | No rake
Seat 4: Milulla won 34650


Winamax Poker - Tournament "KILL THE FISH" buyIn: 3,50€ + 1,50€ level: 19 - HandId: #572025648814489602-133-1445440882 - Holdem no limit (950/4000/8000) - 2015/10/21 15:21:22 UTC
Table: 'KILL THE FISH(133185100)#001' 9-max (real money) Seat #8 is the button
Seat 3: manggy94 (43621)
Seat 4: Milulla (187280)
Seat 5: atoupok (52539)
Seat 6: rock2as (100166)
Seat 7: malherbe (121823)
Seat 8: Flocho6464 (41065)
Seat 9: Nael76 (197728)
*** ANTE/BLINDS ***
Nael76 posts ante 950
manggy94 posts ante 950
Milulla posts ante 950
atoupok posts ante 950
rock2as posts ante 950
malherbe posts ante 950
Flocho6464 posts ante 950
Nael76 posts small blind 4000
manggy94 posts big blind 8000
Dealt to manggy94 [9d 2s]
*** PRE-FLOP *** 
Milulla calls 8000
atoupok folds
rock2as folds
malherbe folds
Flocho6464 raises 32115 to 40115 and is all-in
Nael76 folds
manggy94 folds
Milulla folds
Flocho6464 collected 66765 from pot
*** SUMMARY ***
Total pot 66765 | No rake
Seat 8: Flocho6464 (button) won 66765


Winamax Poker - Tournament "KILL THE FISH" buyIn: 3,50€ + 1,50€ level: 19 - HandId: #572025648814489602-134-1445440906 - Holdem no limit (950/4000/8000) - 2015/10/21 15:21:46 UTC
Table: 'KILL THE FISH(133185100)#001' 9-max (real money) Seat #9 is the button
Seat 3: manggy94 (34671)
Seat 4: Milulla (178330)
Seat 5: atoupok (51589)
Seat 6: rock2as (99216)
Seat 7: malherbe (120873)
Seat 8: Flocho6464 (66765)
Seat 9: Nael76 (192778)
*** ANTE/BLINDS ***
manggy94 posts ante 950
Milulla posts ante 950
atoupok posts ante 950
rock2as posts ante 950
malherbe posts ante 950
Flocho6464 posts ante 950
Nael76 posts ante 950
manggy94 posts small blind 4000
Milulla posts big blind 8000
Dealt to manggy94 [8h Ts]
*** PRE-FLOP *** 
atoupok raises 42639 to 50639 and is all-in
rock2as folds
malherbe folds
Flocho6464 folds
Nael76 folds
manggy94 folds
Milulla calls 42639
*** FLOP *** [3h 6d 2h]
*** TURN *** [3h 6d 2h][8d]
*** RIVER *** [3h 6d 2h 8d][Qh]
*** SHOW DOWN ***
atoupok shows [5s Ks] (High card : King)
Milulla shows [2s 2d] (Trips of 2)
Milulla collected 111928 from pot
*** SUMMARY ***
Total pot 111928 | No rake
Board: [3h 6d 2h 8d Qh]
Seat 4: Milulla (big blind) showed [2s 2d] and won 111928 with Trips of 2
Seat 5: atoupok showed [5s Ks] and lost with High card : King


Winamax Poker - Tournament "KILL THE FISH" buyIn: 3,50€ + 1,50€ level: 19 - HandId: #572025648814489602-135-1445440940 - Holdem no limit (950/4000/8000) - 2015/10/21 15:22:20 UTC
Table: 'KILL THE FISH(133185100)#001' 9-max (real money) Seat #3 is the button
Seat 3: manggy94 (29721)
Seat 4: Milulla (238669)
Seat 6: rock2as (98266)
Seat 7: malherbe (119923)
Seat 8: Flocho6464 (65815)
Seat 9: Nael76 (191828)
*** ANTE/BLINDS ***
Milulla posts ante 950
rock2as posts ante 950
manggy94 posts ante 950
malherbe posts ante 950
Flocho6464 posts ante 950
Nael76 posts ante 950
Milulla posts small blind 4000
rock2as posts big blind 8000
Dealt to manggy94 [2h 4c]
*** PRE-FLOP *** 
malherbe folds
Flocho6464 folds
Nael76 folds
manggy94 folds
Milulla folds
rock2as collected 17700 from pot
*** SUMMARY ***
Total pot 17700 | No rake
Seat 6: rock2as (big blind) won 17700


Winamax Poker - Tournament "KILL THE FISH" buyIn: 3,50€ + 1,50€ level: 19 - HandId: #572025648814489602-136-1445440954 - Holdem no limit (950/4000/8000) - 2015/10/21 15:22:34 UTC
Table: 'KILL THE FISH(133185100)#001' 9-max (real money) Seat #4 is the button
Seat 3: manggy94 (28771)
Seat 4: Milulla (233719)
Seat 6: rock2as (107016)
Seat 7: malherbe (118973)
Seat 8: Flocho6464 (64865)
Seat 9: Nael76 (190878)
*** ANTE/BLINDS ***
rock2as posts ante 950
malherbe posts ante 950
manggy94 posts ante 950
Milulla posts ante 950
Flocho6464 posts ante 950
Nael76 posts ante 950
rock2as posts small blind 4000
malherbe posts big blind 8000
Dealt to manggy94 [3c Qh]
*** PRE-FLOP *** 
Flocho6464 folds
Nael76 folds
manggy94 folds
Milulla raises 8000 to 16000
rock2as folds
malherbe folds
Milulla collected 33700 from pot
*** SUMMARY ***
Total pot 33700 | No rake
Seat 4: Milulla (button) won 33700


Winamax Poker - Tournament "KILL THE FISH" buyIn: 3,50€ + 1,50€ level: 19 - HandId: #572025648814489602-137-1445441007 - Holdem no limit (950/4000/8000) - 2015/10/21 15:23:27 UTC
Table: 'KILL THE FISH(133185100)#001' 9-max (real money) Seat #6 is the button
Seat 3: manggy94 (27821)
Seat 4: Milulla (250469)
Seat 5: deuf73 (102913)
Seat 6: rock2as (102066)
Seat 7: malherbe (110023)
Seat 8: Flocho6464 (63915)
Seat 9: Nael76 (189928)
*** ANTE/BLINDS ***
malherbe posts ante 950
Flocho6464 posts ante 950
manggy94 posts ante 950
Milulla posts ante 950
deuf73 posts ante 950
rock2as posts ante 950
Nael76 posts ante 950
malherbe posts small blind 4000
Flocho6464 posts big blind 8000
Dealt to manggy94 [Tc 8s]
*** PRE-FLOP *** 
Nael76 raises 16000 to 24000
manggy94 folds
Milulla folds
deuf73 folds
rock2as folds
malherbe folds
Flocho6464 folds
Nael76 collected 42650 from pot
*** SUMMARY ***
Total pot 42650 | No rake
Seat 9: Nael76 won 42650


Winamax Poker - Tournament "KILL THE FISH" buyIn: 3,50€ + 1,50€ level: 19 - HandId: #572025648814489602-138-1445441040 - Holdem no limit (950/4000/8000) - 2015/10/21 15:24:00 UTC
Table: 'KILL THE FISH(133185100)#001' 9-max (real money) Seat #7 is the button
Seat 3: manggy94 (26871)
Seat 4: Milulla (249519)
Seat 5: deuf73 (101963)
Seat 6: rock2as (101116)
Seat 7: malherbe (105073)
Seat 8: Flocho6464 (54965)
Seat 9: Nael76 (207628)
*** ANTE/BLINDS ***
Flocho6464 posts ante 950
Nael76 posts ante 950
manggy94 posts ante 950
Milulla posts ante 950
deuf73 posts ante 950
rock2as posts ante 950
malherbe posts ante 950
Flocho6464 posts small blind 4000
Nael76 posts big blind 8000
Dealt to manggy94 [6h 6d]
*** PRE-FLOP *** 
manggy94 raises 17921 to 25921 and is all-in
Milulla folds
deuf73 folds
rock2as folds
malherbe folds
Flocho6464 folds
Nael76 calls 17921
*** FLOP *** [Ts Kd Jd]
*** TURN *** [Ts Kd Jd][9s]
*** RIVER *** [Ts Kd Jd 9s][2s]
*** SHOW DOWN ***
manggy94 shows [6h 6d] (One pair : 6)
Nael76 shows [Tc Ks] (Two pairs : Kings and Tens)
Nael76 collected 62492 from pot
*** SUMMARY ***
Total pot 62492 | No rake
Board: [Ts Kd Jd 9s 2s]
Seat 3: manggy94 showed [6h 6d] and lost with One pair : 6
Seat 9: Nael76 (big blind) showed [Tc Ks] and won 62492 with Two pairs : Kings and Tens


