Winamax Poker - Tournament "SUMMER SHOTS Event 50" buyIn: 4,50€ + 0,50€ level: -1 - HandId: #684149249000079628-1-1465064436 - Holdem no limit (75/150) - 2016/06/04 18:20:36 UTC
Table: 'SUMMER SHOTS Event 50(159290910)#0267' 6-max (real money) Seat #4 is the button
Seat 2: Eric444 (20000)
Seat 4: D0uBi7 (20000)
Seat 5: Bocmanis82 (20000)
Seat 6: manggy94 (20000)
*** ANTE/BLINDS ***
Bocmanis82 posts small blind 75
Eric444 posts big blind 150
*** PRE-FLOP *** 
D0uBi7 folds
Bocmanis82 raises 150 to 300
Eric444 raises 600 to 900
Bocmanis82 folds
Eric444 collected 1200 from pot
*** SUMMARY ***
Total pot 1200 | No rake
Seat 2: Eric444 (big blind) won 1200


Winamax Poker - Tournament "SUMMER SHOTS Event 50" buyIn: 4,50€ + 0,50€ level: 1 - HandId: #684149249000079628-2-1465064453 - Holdem no limit (75/150) - 2016/06/04 18:20:53 UTC
Table: 'SUMMER SHOTS Event 50(159290910)#0267' 6-max (real money) Seat #5 is the button
Seat 2: Eric444 (20300)
Seat 4: D0uBi7 (20000)
Seat 5: Bocmanis82 (19700)
Seat 6: manggy94 (20000)
*** ANTE/BLINDS ***
Eric444 posts small blind 75
D0uBi7 posts big blind 150
*** PRE-FLOP *** 
Bocmanis82 raises 150 to 300
Eric444 calls 225
D0uBi7 folds
*** FLOP *** [9d Qh Jh]
Eric444 checks
Bocmanis82 checks
*** TURN *** [9d Qh Jh][7h]
Eric444 checks
Bocmanis82 checks
*** RIVER *** [9d Qh Jh 7h][Qs]
Eric444 checks
Bocmanis82 checks
*** SHOW DOWN ***
Bocmanis82 shows [2s Ah] (One pair : Queens)
Eric444 shows [Js Ac] (Two pairs : Queens and Jacks)
Eric444 collected 750 from pot
*** SUMMARY ***
Total pot 750 | No rake
Board: [9d Qh Jh 7h Qs]
Seat 2: Eric444 (small blind) showed [Js Ac] and won 750 with Two pairs : Queens and Jacks
Seat 5: Bocmanis82 (button) showed [2s Ah] and lost with One pair : Queens


Winamax Poker - Tournament "SUMMER SHOTS Event 50" buyIn: 4,50€ + 0,50€ level: 1 - HandId: #684149249000079628-3-1465064522 - Holdem no limit (75/150) - 2016/06/04 18:22:02 UTC
Table: 'SUMMER SHOTS Event 50(159290910)#0267' 6-max (real money) Seat #2 is the button
Seat 1: BiZZtOuKeTTe (20000)
Seat 2: Eric444 (20750)
Seat 3: bonAArien (20000)
Seat 4: D0uBi7 (19850)
Seat 5: Bocmanis82 (19400)
Seat 6: manggy94 (20000)
*** ANTE/BLINDS ***
D0uBi7 posts small blind 75
Bocmanis82 posts big blind 150
Dealt to manggy94 [4d 3d]
*** PRE-FLOP *** 
manggy94 calls 150
BiZZtOuKeTTe folds
Eric444 calls 150
D0uBi7 calls 75
Bocmanis82 checks
*** FLOP *** [Ad 6s 3c]
D0uBi7 checks
Bocmanis82 checks
manggy94 checks
Eric444 checks
*** TURN *** [Ad 6s 3c][7c]
D0uBi7 checks
Bocmanis82 checks
manggy94 checks
Eric444 checks
*** RIVER *** [Ad 6s 3c 7c][Ac]
D0uBi7 checks
Bocmanis82 checks
manggy94 checks
Eric444 checks
*** SHOW DOWN ***
D0uBi7 shows [2h 9h] (One pair : Aces)
Bocmanis82 shows [5d Tc] (One pair : Aces)
manggy94 shows [4d 3d] (Two pairs : Aces and 3)
Eric444 shows [6h 4h] (Two pairs : Aces and 6)
Eric444 collected 600 from pot
*** SUMMARY ***
Total pot 600 | No rake
Board: [Ad 6s 3c 7c Ac]
Seat 2: Eric444 (button) showed [6h 4h] and won 600 with Two pairs : Aces and 6
Seat 4: D0uBi7 (small blind) showed [2h 9h] and lost with One pair : Aces
Seat 5: Bocmanis82 (big blind) showed [5d Tc] and lost with One pair : Aces
Seat 6: manggy94 showed [4d 3d] and lost with Two pairs : Aces and 3


Winamax Poker - Tournament "SUMMER SHOTS Event 50" buyIn: 4,50€ + 0,50€ level: 1 - HandId: #684149249000079628-4-1465064626 - Holdem no limit (75/150) - 2016/06/04 18:23:46 UTC
Table: 'SUMMER SHOTS Event 50(159290910)#0267' 6-max (real money) Seat #4 is the button
Seat 1: BiZZtOuKeTTe (20000)
Seat 2: Eric444 (21200)
Seat 3: bonAArien (20000)
Seat 4: D0uBi7 (19700)
Seat 5: Bocmanis82 (19250)
Seat 6: manggy94 (19850)
*** ANTE/BLINDS ***
Bocmanis82 posts small blind 75
manggy94 posts big blind 150
Dealt to manggy94 [4c 2s]
*** PRE-FLOP *** 
BiZZtOuKeTTe folds
Eric444 calls 150
bonAArien folds
D0uBi7 raises 525 to 675
Bocmanis82 folds
manggy94 folds
Eric444 folds
D0uBi7 collected 1050 from pot
*** SUMMARY ***
Total pot 1050 | No rake
Seat 4: D0uBi7 (button) won 1050


Winamax Poker - Tournament "SUMMER SHOTS Event 50" buyIn: 4,50€ + 0,50€ level: 2 - HandId: #684149249000079628-5-1465064677 - Holdem no limit (100/200) - 2016/06/04 18:24:37 UTC
Table: 'SUMMER SHOTS Event 50(159290910)#0267' 6-max (real money) Seat #5 is the button
Seat 1: BiZZtOuKeTTe (20000)
Seat 2: Eric444 (21050)
Seat 3: bonAArien (20000)
Seat 4: D0uBi7 (20075)
Seat 5: Bocmanis82 (19175)
Seat 6: manggy94 (19700)
*** ANTE/BLINDS ***
manggy94 posts small blind 100
BiZZtOuKeTTe posts big blind 200
Dealt to manggy94 [Kd Tc]
*** PRE-FLOP *** 
Eric444 folds
bonAArien folds
D0uBi7 calls 200
Bocmanis82 folds
manggy94 calls 100
BiZZtOuKeTTe raises 500 to 700
D0uBi7 folds
manggy94 calls 500
*** FLOP *** [Qs 3d 6d]
manggy94 bets 800
BiZZtOuKeTTe calls 800
*** TURN *** [Qs 3d 6d][Jh]
manggy94 checks
BiZZtOuKeTTe checks
*** RIVER *** [Qs 3d 6d Jh][Ac]
manggy94 bets 3200
BiZZtOuKeTTe folds
manggy94 collected 6400 from pot
*** SUMMARY ***
Total pot 6400 | No rake
Board: [Qs 3d 6d Jh Ac]
Seat 6: manggy94 (small blind) won 6400


Winamax Poker - Tournament "SUMMER SHOTS Event 50" buyIn: 4,50€ + 0,50€ level: 2 - HandId: #684149249000079628-6-1465064719 - Holdem no limit (100/200) - 2016/06/04 18:25:19 UTC
Table: 'SUMMER SHOTS Event 50(159290910)#0267' 6-max (real money) Seat #6 is the button
Seat 1: BiZZtOuKeTTe (18500)
Seat 2: Eric444 (21050)
Seat 3: bonAArien (20000)
Seat 4: D0uBi7 (19875)
Seat 5: Bocmanis82 (19175)
Seat 6: manggy94 (21400)
*** ANTE/BLINDS ***
BiZZtOuKeTTe posts small blind 100
Eric444 posts big blind 200
Dealt to manggy94 [2h Kc]
*** PRE-FLOP *** 
bonAArien raises 224 to 424
D0uBi7 folds
Bocmanis82 raises 636 to 1060
manggy94 folds
BiZZtOuKeTTe calls 960
Eric444 folds
bonAArien folds
*** FLOP *** [Ac 3d 8s]
BiZZtOuKeTTe checks
Bocmanis82 checks
*** TURN *** [Ac 3d 8s][Th]
BiZZtOuKeTTe checks
Bocmanis82 bets 1372
BiZZtOuKeTTe folds
Bocmanis82 collected 4116 from pot
*** SUMMARY ***
Total pot 4116 | No rake
Board: [Ac 3d 8s Th]
Seat 5: Bocmanis82 won 4116


Winamax Poker - Tournament "SUMMER SHOTS Event 50" buyIn: 4,50€ + 0,50€ level: 2 - HandId: #684149249000079628-7-1465064807 - Holdem no limit (100/200) - 2016/06/04 18:26:47 UTC
Table: 'SUMMER SHOTS Event 50(159290910)#0267' 6-max (real money) Seat #1 is the button
Seat 1: BiZZtOuKeTTe (17440)
Seat 2: Eric444 (20850)
Seat 3: bonAArien (19576)
Seat 4: D0uBi7 (19875)
Seat 5: Bocmanis82 (20859)
Seat 6: manggy94 (21400)
*** ANTE/BLINDS ***
Eric444 posts small blind 100
bonAArien posts big blind 200
Dealt to manggy94 [8d 5d]
*** PRE-FLOP *** 
D0uBi7 folds
Bocmanis82 folds
manggy94 folds
BiZZtOuKeTTe raises 400 to 600
Eric444 folds
bonAArien folds
BiZZtOuKeTTe collected 900 from pot
*** SUMMARY ***
Total pot 900 | No rake
Seat 1: BiZZtOuKeTTe (button) won 900


Winamax Poker - Tournament "SUMMER SHOTS Event 50" buyIn: 4,50€ + 0,50€ level: 2 - HandId: #684149249000079628-8-1465064840 - Holdem no limit (100/200) - 2016/06/04 18:27:20 UTC
Table: 'SUMMER SHOTS Event 50(159290910)#0267' 6-max (real money) Seat #2 is the button
Seat 1: BiZZtOuKeTTe (17740)
Seat 2: Eric444 (20750)
Seat 3: bonAArien (19376)
Seat 4: D0uBi7 (19875)
Seat 5: Bocmanis82 (20859)
Seat 6: manggy94 (21400)
*** ANTE/BLINDS ***
bonAArien posts small blind 100
D0uBi7 posts big blind 200
Dealt to manggy94 [7h 6d]
*** PRE-FLOP *** 
Bocmanis82 folds
manggy94 folds
BiZZtOuKeTTe folds
Eric444 folds
bonAArien folds
D0uBi7 collected 300 from pot
*** SUMMARY ***
Total pot 300 | No rake
Seat 4: D0uBi7 (big blind) won 300


Winamax Poker - Tournament "SUMMER SHOTS Event 50" buyIn: 4,50€ + 0,50€ level: 2 - HandId: #684149249000079628-9-1465064898 - Holdem no limit (100/200) - 2016/06/04 18:28:18 UTC
Table: 'SUMMER SHOTS Event 50(159290910)#0267' 6-max (real money) Seat #3 is the button
Seat 1: BiZZtOuKeTTe (17740)
Seat 2: Eric444 (20750)
Seat 3: bonAArien (19276)
Seat 4: D0uBi7 (19975)
Seat 5: Bocmanis82 (20859)
Seat 6: manggy94 (21400)
*** ANTE/BLINDS ***
D0uBi7 posts small blind 100
Bocmanis82 posts big blind 200
Dealt to manggy94 [Qh Td]
*** PRE-FLOP *** 
manggy94 calls 200
BiZZtOuKeTTe folds
Eric444 calls 200
bonAArien folds
D0uBi7 calls 100
Bocmanis82 checks
*** FLOP *** [6c 2c 5c]
D0uBi7 checks
Bocmanis82 checks
manggy94 checks
Eric444 checks
*** TURN *** [6c 2c 5c][Js]
D0uBi7 checks
Bocmanis82 checks
manggy94 checks
Eric444 checks
*** RIVER *** [6c 2c 5c Js][8h]
D0uBi7 checks
Bocmanis82 checks
manggy94 checks
Eric444 checks
*** SHOW DOWN ***
D0uBi7 shows [3d 3c] (One pair : 3)
Bocmanis82 shows [7c 3s] (High card : Jack)
manggy94 shows [Qh Td] (High card : Queen)
Eric444 shows [Ah 5h] (One pair : 5)
Eric444 collected 800 from pot
*** SUMMARY ***
Total pot 800 | No rake
Board: [6c 2c 5c Js 8h]
Seat 2: Eric444 showed [Ah 5h] and won 800 with One pair : 5
Seat 4: D0uBi7 (small blind) showed [3d 3c] and lost with One pair : 3
Seat 5: Bocmanis82 (big blind) showed [7c 3s] and lost with High card : Jack
Seat 6: manggy94 showed [Qh Td] and lost with High card : Queen


Winamax Poker - Tournament "SUMMER SHOTS Event 50" buyIn: 4,50€ + 0,50€ level: 2 - HandId: #684149249000079628-10-1465065000 - Holdem no limit (100/200) - 2016/06/04 18:30:00 UTC
Table: 'SUMMER SHOTS Event 50(159290910)#0267' 6-max (real money) Seat #4 is the button
Seat 1: BiZZtOuKeTTe (17740)
Seat 2: Eric444 (21350)
Seat 3: bonAArien (19276)
Seat 4: D0uBi7 (19775)
Seat 5: Bocmanis82 (20659)
Seat 6: manggy94 (21200)
*** ANTE/BLINDS ***
Bocmanis82 posts small blind 100
manggy94 posts big blind 200
Dealt to manggy94 [5c 7d]
*** PRE-FLOP *** 
BiZZtOuKeTTe folds
Eric444 folds
bonAArien folds
D0uBi7 raises 323 to 523
Bocmanis82 folds
manggy94 folds
D0uBi7 collected 823 from pot
*** SUMMARY ***
Total pot 823 | No rake
Seat 4: D0uBi7 (button) won 823


Winamax Poker - Tournament "SUMMER SHOTS Event 50" buyIn: 4,50€ + 0,50€ level: 2 - HandId: #684149249000079628-11-1465065065 - Holdem no limit (100/200) - 2016/06/04 18:31:05 UTC
Table: 'SUMMER SHOTS Event 50(159290910)#0267' 6-max (real money) Seat #5 is the button
Seat 1: BiZZtOuKeTTe (17740)
Seat 2: Eric444 (21350)
Seat 3: bonAArien (19276)
Seat 4: D0uBi7 (20075)
Seat 5: Bocmanis82 (20559)
Seat 6: manggy94 (21000)
*** ANTE/BLINDS ***
manggy94 posts small blind 100
BiZZtOuKeTTe posts big blind 200
Dealt to manggy94 [Ad 7s]
*** PRE-FLOP *** 
Eric444 folds
bonAArien folds
D0uBi7 folds
Bocmanis82 folds
manggy94 calls 100
BiZZtOuKeTTe checks
*** FLOP *** [Th 4h Qd]
manggy94 checks
BiZZtOuKeTTe checks
*** TURN *** [Th 4h Qd][Jc]
manggy94 checks
BiZZtOuKeTTe bets 300
manggy94 calls 300
*** RIVER *** [Th 4h Qd Jc][4s]
manggy94 bets 500
BiZZtOuKeTTe folds
manggy94 collected 1500 from pot
*** SUMMARY ***
Total pot 1500 | No rake
Board: [Th 4h Qd Jc 4s]
Seat 6: manggy94 (small blind) won 1500


Winamax Poker - Tournament "SUMMER SHOTS Event 50" buyIn: 4,50€ + 0,50€ level: 2 - HandId: #684149249000079628-12-1465065126 - Holdem no limit (100/200) - 2016/06/04 18:32:06 UTC
Table: 'SUMMER SHOTS Event 50(159290910)#0267' 6-max (real money) Seat #6 is the button
Seat 1: BiZZtOuKeTTe (17240)
Seat 2: Eric444 (21350)
Seat 3: bonAArien (19276)
Seat 4: D0uBi7 (20075)
Seat 5: Bocmanis82 (20559)
Seat 6: manggy94 (21500)
*** ANTE/BLINDS ***
BiZZtOuKeTTe posts small blind 100
Eric444 posts big blind 200
Dealt to manggy94 [2h 2s]
*** PRE-FLOP *** 
bonAArien folds
D0uBi7 folds
Bocmanis82 folds
manggy94 raises 200 to 400
BiZZtOuKeTTe calls 300
Eric444 calls 200
*** FLOP *** [9d 7c Ad]
BiZZtOuKeTTe checks
Eric444 checks
manggy94 checks
*** TURN *** [9d 7c Ad][8h]
BiZZtOuKeTTe bets 600
Eric444 folds
manggy94 folds
BiZZtOuKeTTe collected 1800 from pot
*** SUMMARY ***
Total pot 1800 | No rake
Board: [9d 7c Ad 8h]
Seat 1: BiZZtOuKeTTe (small blind) won 1800


Winamax Poker - Tournament "SUMMER SHOTS Event 50" buyIn: 4,50€ + 0,50€ level: 2 - HandId: #684149249000079628-13-1465065190 - Holdem no limit (100/200) - 2016/06/04 18:33:10 UTC
Table: 'SUMMER SHOTS Event 50(159290910)#0267' 6-max (real money) Seat #1 is the button
Seat 1: BiZZtOuKeTTe (18040)
Seat 2: Eric444 (20950)
Seat 3: bonAArien (19276)
Seat 4: D0uBi7 (20075)
Seat 5: Bocmanis82 (20559)
Seat 6: manggy94 (21100)
*** ANTE/BLINDS ***
Eric444 posts small blind 100
bonAArien posts big blind 200
Dealt to manggy94 [9c Js]
*** PRE-FLOP *** 
D0uBi7 folds
Bocmanis82 folds
manggy94 folds
BiZZtOuKeTTe folds
Eric444 folds
bonAArien collected 300 from pot
*** SUMMARY ***
Total pot 300 | No rake
Seat 3: bonAArien (big blind) won 300


Winamax Poker - Tournament "SUMMER SHOTS Event 50" buyIn: 4,50€ + 0,50€ level: 2 - HandId: #684149249000079628-14-1465065235 - Holdem no limit (100/200) - 2016/06/04 18:33:55 UTC
Table: 'SUMMER SHOTS Event 50(159290910)#0267' 6-max (real money) Seat #2 is the button
Seat 1: BiZZtOuKeTTe (18040)
Seat 2: Eric444 (20850)
Seat 3: bonAArien (19376)
Seat 4: D0uBi7 (20075)
Seat 5: Bocmanis82 (20559)
Seat 6: manggy94 (21100)
*** ANTE/BLINDS ***
bonAArien posts small blind 100
D0uBi7 posts big blind 200
Dealt to manggy94 [9s 4s]
*** PRE-FLOP *** 
Bocmanis82 folds
manggy94 folds
BiZZtOuKeTTe folds
Eric444 raises 200 to 400
bonAArien folds
D0uBi7 folds
Eric444 collected 700 from pot
*** SUMMARY ***
Total pot 700 | No rake
Seat 2: Eric444 (button) won 700


Winamax Poker - Tournament "SUMMER SHOTS Event 50" buyIn: 4,50€ + 0,50€ level: 2 - HandId: #684149249000079628-15-1465065283 - Holdem no limit (100/200) - 2016/06/04 18:34:43 UTC
Table: 'SUMMER SHOTS Event 50(159290910)#0267' 6-max (real money) Seat #3 is the button
Seat 1: BiZZtOuKeTTe (18040)
Seat 2: Eric444 (21150)
Seat 3: bonAArien (19276)
Seat 4: D0uBi7 (19875)
Seat 5: Bocmanis82 (20559)
Seat 6: manggy94 (21100)
*** ANTE/BLINDS ***
D0uBi7 posts small blind 100
Bocmanis82 posts big blind 200
Dealt to manggy94 [2d 8s]
*** PRE-FLOP *** 
manggy94 folds
BiZZtOuKeTTe folds
Eric444 folds
bonAArien raises 224 to 424
D0uBi7 folds
Bocmanis82 calls 224
*** FLOP *** [4d 5d 3h]
Bocmanis82 bets 474
bonAArien calls 474
*** TURN *** [4d 5d 3h][Ad]
Bocmanis82 bets 948
bonAArien calls 948
*** RIVER *** [4d 5d 3h Ad][2s]
Bocmanis82 bets 1896
bonAArien folds
Bocmanis82 collected 5688 from pot
*** SUMMARY ***
Total pot 5688 | No rake
Board: [4d 5d 3h Ad 2s]
Seat 5: Bocmanis82 (big blind) won 5688


Winamax Poker - Tournament "SUMMER SHOTS Event 50" buyIn: 4,50€ + 0,50€ level: 2 - HandId: #684149249000079628-16-1465065346 - Holdem no limit (100/200) - 2016/06/04 18:35:46 UTC
Table: 'SUMMER SHOTS Event 50(159290910)#0267' 6-max (real money) Seat #4 is the button
Seat 1: BiZZtOuKeTTe (18040)
Seat 2: Eric444 (21150)
Seat 3: bonAArien (17430)
Seat 4: D0uBi7 (19775)
Seat 5: Bocmanis82 (22505)
Seat 6: manggy94 (21100)
*** ANTE/BLINDS ***
Bocmanis82 posts small blind 100
manggy94 posts big blind 200
Dealt to manggy94 [Qh Kh]
*** PRE-FLOP *** 
BiZZtOuKeTTe raises 500 to 700
Eric444 folds
bonAArien folds
D0uBi7 folds
Bocmanis82 folds
manggy94 calls 500
*** FLOP *** [2c 9c 7c]
manggy94 checks
BiZZtOuKeTTe bets 1500
manggy94 folds
BiZZtOuKeTTe collected 3000 from pot
*** SUMMARY ***
Total pot 3000 | No rake
Board: [2c 9c 7c]
Seat 1: BiZZtOuKeTTe won 3000


Winamax Poker - Tournament "SUMMER SHOTS Event 50" buyIn: 4,50€ + 0,50€ level: 3 - HandId: #684149249000079628-17-1465065386 - Holdem no limit (150/300) - 2016/06/04 18:36:26 UTC
Table: 'SUMMER SHOTS Event 50(159290910)#0267' 6-max (real money) Seat #5 is the button
Seat 1: BiZZtOuKeTTe (18840)
Seat 2: Eric444 (21150)
Seat 3: bonAArien (17430)
Seat 4: D0uBi7 (19775)
Seat 5: Bocmanis82 (22405)
Seat 6: manggy94 (20400)
*** ANTE/BLINDS ***
manggy94 posts small blind 150
BiZZtOuKeTTe posts big blind 300
Dealt to manggy94 [Jc 4c]
*** PRE-FLOP *** 
Eric444 folds
bonAArien folds
D0uBi7 folds
Bocmanis82 folds
manggy94 folds
BiZZtOuKeTTe collected 450 from pot
*** SUMMARY ***
Total pot 450 | No rake
Seat 1: BiZZtOuKeTTe (big blind) won 450


Winamax Poker - Tournament "SUMMER SHOTS Event 50" buyIn: 4,50€ + 0,50€ level: 3 - HandId: #684149249000079628-18-1465065417 - Holdem no limit (150/300) - 2016/06/04 18:36:57 UTC
Table: 'SUMMER SHOTS Event 50(159290910)#0267' 6-max (real money) Seat #6 is the button
Seat 1: BiZZtOuKeTTe (18990)
Seat 2: Eric444 (21150)
Seat 3: bonAArien (17430)
Seat 4: D0uBi7 (19775)
Seat 5: Bocmanis82 (22405)
Seat 6: manggy94 (20250)
*** ANTE/BLINDS ***
BiZZtOuKeTTe posts small blind 150
Eric444 posts big blind 300
Dealt to manggy94 [5s Ah]
*** PRE-FLOP *** 
bonAArien folds
D0uBi7 folds
Bocmanis82 folds
manggy94 calls 300
BiZZtOuKeTTe folds
Eric444 checks
*** FLOP *** [Qs Jc 9h]
Eric444 checks
manggy94 checks
*** TURN *** [Qs Jc 9h][Td]
Eric444 bets 500
manggy94 folds
Eric444 collected 1250 from pot
*** SUMMARY ***
Total pot 1250 | No rake
Board: [Qs Jc 9h Td]
Seat 2: Eric444 (big blind) won 1250


Winamax Poker - Tournament "SUMMER SHOTS Event 50" buyIn: 4,50€ + 0,50€ level: 3 - HandId: #684149249000079628-19-1465065497 - Holdem no limit (150/300) - 2016/06/04 18:38:17 UTC
Table: 'SUMMER SHOTS Event 50(159290910)#0267' 6-max (real money) Seat #1 is the button
Seat 1: BiZZtOuKeTTe (18840)
Seat 2: Eric444 (21600)
Seat 3: bonAArien (17430)
Seat 4: D0uBi7 (19775)
Seat 5: Bocmanis82 (22405)
Seat 6: manggy94 (19950)
*** ANTE/BLINDS ***
Eric444 posts small blind 150
bonAArien posts big blind 300
Dealt to manggy94 [Js 2d]
*** PRE-FLOP *** 
D0uBi7 folds
Bocmanis82 folds
manggy94 folds
BiZZtOuKeTTe folds
Eric444 folds
bonAArien collected 450 from pot
*** SUMMARY ***
Total pot 450 | No rake
Seat 3: bonAArien (big blind) won 450


Winamax Poker - Tournament "SUMMER SHOTS Event 50" buyIn: 4,50€ + 0,50€ level: 3 - HandId: #684149249000079628-20-1465065526 - Holdem no limit (150/300) - 2016/06/04 18:38:46 UTC
Table: 'SUMMER SHOTS Event 50(159290910)#0267' 6-max (real money) Seat #2 is the button
Seat 1: BiZZtOuKeTTe (18840)
Seat 2: Eric444 (21450)
Seat 3: bonAArien (17580)
Seat 4: D0uBi7 (19775)
Seat 5: Bocmanis82 (22405)
Seat 6: manggy94 (19950)
*** ANTE/BLINDS ***
bonAArien posts small blind 150
D0uBi7 posts big blind 300
Dealt to manggy94 [3c 9c]
*** PRE-FLOP *** 
Bocmanis82 folds
manggy94 folds
BiZZtOuKeTTe folds
Eric444 raises 300 to 600
bonAArien folds
D0uBi7 folds
Eric444 collected 1050 from pot
*** SUMMARY ***
Total pot 1050 | No rake
Seat 2: Eric444 (button) won 1050


Winamax Poker - Tournament "SUMMER SHOTS Event 50" buyIn: 4,50€ + 0,50€ level: 3 - HandId: #684149249000079628-21-1465065557 - Holdem no limit (150/300) - 2016/06/04 18:39:17 UTC
Table: 'SUMMER SHOTS Event 50(159290910)#0267' 6-max (real money) Seat #3 is the button
Seat 1: BiZZtOuKeTTe (18840)
Seat 2: Eric444 (21900)
Seat 3: bonAArien (17430)
Seat 4: D0uBi7 (19475)
Seat 5: Bocmanis82 (22405)
Seat 6: manggy94 (19950)
*** ANTE/BLINDS ***
D0uBi7 posts small blind 150
Bocmanis82 posts big blind 300
Dealt to manggy94 [4s 8h]
*** PRE-FLOP *** 
manggy94 folds
BiZZtOuKeTTe folds
Eric444 folds
bonAArien raises 336 to 636
D0uBi7 folds
Bocmanis82 folds
bonAArien collected 1086 from pot
*** SUMMARY ***
Total pot 1086 | No rake
Seat 3: bonAArien (button) won 1086


Winamax Poker - Tournament "SUMMER SHOTS Event 50" buyIn: 4,50€ + 0,50€ level: 3 - HandId: #684149249000079628-25-1465065796 - Holdem no limit (150/300) - 2016/06/04 18:43:16 UTC
Table: 'SUMMER SHOTS Event 50(159290910)#0267' 6-max (real money) Seat #1 is the button
Seat 1: BiZZtOuKeTTe (19440)
Seat 2: Eric444 (21300)
Seat 3: bonAArien (17880)
Seat 4: D0uBi7 (19325)
Seat 5: Bocmanis82 (20455)
Seat 6: manggy94 (21600)
*** ANTE/BLINDS ***
Eric444 posts small blind 150
bonAArien posts big blind 300
Dealt to manggy94 [Qd 3s]
*** PRE-FLOP *** 
D0uBi7 raises 508 to 808
Bocmanis82 folds
manggy94 folds
BiZZtOuKeTTe calls 808
Eric444 folds
bonAArien folds
*** FLOP *** [7s 5h Tc]
D0uBi7 checks
BiZZtOuKeTTe bets 1364
D0uBi7 raises 2027 to 3391
BiZZtOuKeTTe raises 2309 to 5700
D0uBi7 folds
BiZZtOuKeTTe collected 11157 from pot
*** SUMMARY ***
Total pot 11157 | No rake
Board: [7s 5h Tc]
Seat 1: BiZZtOuKeTTe (button) won 11157


