Winamax Poker - Tournament "Freeroll" buyIn: 0€ + 0€ level: 5 - HandId: #715279008752730410-16-1471725023 - Holdem no limit (40/80) - 2016/08/20 20:30:23 UTC
Table: 'Freeroll(166538872)#297' 6-max (real money) Seat #1 is the button
Seat 1: Murmya (1030)
Seat 2: Benastre13 (3550)
Seat 3: ireek666 (2865)
Seat 4: titan2121 (6760)
Seat 5: -JZA- (6795)
Seat 6: manggy94 (3000)
*** ANTE/BLINDS ***
Benastre13 posts small blind 40
ireek666 posts big blind 80
Dealt to manggy94 [9s Qd]
*** PRE-FLOP *** 
titan2121 calls 80
-JZA- folds
manggy94 calls 80
Murmya calls 80
Benastre13 calls 40
ireek666 folds
*** FLOP *** [4c 6c Kc]
Benastre13 checks
titan2121 checks
manggy94 bets 400
Murmya raises 550 to 950 and is all-in
Benastre13 folds
titan2121 folds
manggy94 calls 550
*** TURN *** [4c 6c Kc][2h]
*** RIVER *** [4c 6c Kc 2h][Tc]
*** SHOW DOWN ***
manggy94 shows [9s Qd] (High card : King)
Murmya shows [7c 8c] (Flush King high)
Murmya collected 2300 from pot
*** SUMMARY ***
Total pot 2300 | No rake
Board: [4c 6c Kc 2h Tc]
Seat 1: Murmya (button) showed [7c 8c] and won 2300 with Flush King high
Seat 6: manggy94 showed [9s Qd] and lost with High card : King


Winamax Poker - Tournament "Freeroll" buyIn: 0€ + 0€ level: 6 - HandId: #715279008752730410-17-1471725061 - Holdem no limit (60/120) - 2016/08/20 20:31:01 UTC
Table: 'Freeroll(166538872)#297' 6-max (real money) Seat #2 is the button
Seat 1: Murmya (2300)
Seat 2: Benastre13 (3470)
Seat 3: ireek666 (2785)
Seat 4: titan2121 (6680)
Seat 5: -JZA- (6795)
Seat 6: manggy94 (1970)
*** ANTE/BLINDS ***
ireek666 posts small blind 60
titan2121 posts big blind 120
Dealt to manggy94 [Ad 6c]
*** PRE-FLOP *** 
-JZA- folds
manggy94 raises 1850 to 1970 and is all-in
Murmya calls 1970
Benastre13 folds
ireek666 folds
titan2121 folds
*** FLOP *** [Kd 2d 4d]
*** TURN *** [Kd 2d 4d][Td]
*** RIVER *** [Kd 2d 4d Td][6h]
*** SHOW DOWN ***
Murmya shows [8d 8h] (Flush King high)
manggy94 shows [Ad 6c] (Flush Ace high)
manggy94 collected 4120 from pot
*** SUMMARY ***
Total pot 4120 | No rake
Board: [Kd 2d 4d Td 6h]
Seat 1: Murmya showed [8d 8h] and lost with Flush King high
Seat 6: manggy94 showed [Ad 6c] and won 4120 with Flush Ace high


Winamax Poker - Tournament "Freeroll" buyIn: 0€ + 0€ level: 6 - HandId: #715279008752730410-18-1471725079 - Holdem no limit (60/120) - 2016/08/20 20:31:19 UTC
Table: 'Freeroll(166538872)#297' 6-max (real money) Seat #3 is the button
Seat 1: Murmya (330)
Seat 2: Benastre13 (3470)
Seat 3: ireek666 (2725)
Seat 4: titan2121 (6560)
Seat 5: -JZA- (6795)
Seat 6: manggy94 (4120)
*** ANTE/BLINDS ***
titan2121 posts small blind 60
-JZA- posts big blind 120
Dealt to manggy94 [6d 4s]
*** PRE-FLOP *** 
manggy94 folds
Murmya raises 210 to 330 and is all-in
Benastre13 folds
ireek666 folds
titan2121 folds
-JZA- calls 210
*** FLOP *** [8h 9c Tc]
*** TURN *** [8h 9c Tc][Ts]
*** RIVER *** [8h 9c Tc Ts][2d]
*** SHOW DOWN ***
-JZA- shows [3h Ac] (One pair : Tens)
Murmya shows [8c 9s] (Two pairs : Tens and 9)
Murmya collected 720 from pot
*** SUMMARY ***
Total pot 720 | No rake
Board: [8h 9c Tc Ts 2d]
Seat 1: Murmya showed [8c 9s] and won 720 with Two pairs : Tens and 9
Seat 5: -JZA- (big blind) showed [3h Ac] and lost with One pair : Tens


Winamax Poker - Tournament "Freeroll" buyIn: 0€ + 0€ level: 6 - HandId: #715279008752730410-19-1471725118 - Holdem no limit (60/120) - 2016/08/20 20:31:58 UTC
Table: 'Freeroll(166538872)#297' 6-max (real money) Seat #4 is the button
Seat 1: Murmya (720)
Seat 2: Benastre13 (3470)
Seat 3: ireek666 (2725)
Seat 4: titan2121 (6500)
Seat 5: -JZA- (6465)
Seat 6: manggy94 (4120)
*** ANTE/BLINDS ***
-JZA- posts small blind 60
manggy94 posts big blind 120
Dealt to manggy94 [Th Js]
*** PRE-FLOP *** 
Murmya folds
Benastre13 folds
ireek666 folds
titan2121 calls 120
-JZA- calls 60
manggy94 checks
*** FLOP *** [7d Td Qc]
-JZA- checks
manggy94 bets 120
titan2121 calls 120
-JZA- folds
*** TURN *** [7d Td Qc][4d]
manggy94 checks
titan2121 bets 600
manggy94 calls 600
*** RIVER *** [7d Td Qc 4d][Jc]
manggy94 bets 1800
titan2121 calls 1800
*** SHOW DOWN ***
titan2121 shows [Qs 9d] (One pair : Queens)
manggy94 shows [Th Js] (Two pairs : Jacks and Tens)
manggy94 collected 5400 from pot
*** SUMMARY ***
Total pot 5400 | No rake
Board: [7d Td Qc 4d Jc]
Seat 4: titan2121 (button) showed [Qs 9d] and lost with One pair : Queens
Seat 6: manggy94 (big blind) showed [Th Js] and won 5400 with Two pairs : Jacks and Tens


Winamax Poker - Tournament "Freeroll" buyIn: 0€ + 0€ level: 6 - HandId: #715279008752730410-20-1471725159 - Holdem no limit (60/120) - 2016/08/20 20:32:39 UTC
Table: 'Freeroll(166538872)#297' 6-max (real money) Seat #5 is the button
Seat 1: Murmya (720)
Seat 2: Benastre13 (3470)
Seat 3: ireek666 (2725)
Seat 4: titan2121 (3860)
Seat 5: -JZA- (6345)
Seat 6: manggy94 (6880)
*** ANTE/BLINDS ***
manggy94 posts small blind 60
Murmya posts big blind 120
Dealt to manggy94 [Js 5h]
*** PRE-FLOP *** 
Benastre13 calls 120
ireek666 folds
titan2121 calls 120
-JZA- folds
manggy94 folds
Murmya raises 120 to 240
Benastre13 calls 120
titan2121 calls 120
*** FLOP *** [3h 5d 4c]
Murmya checks
Benastre13 checks
titan2121 bets 780
Murmya calls 480 and is all-in
Benastre13 calls 780
*** TURN *** [3h 5d 4c][8s]
Benastre13 bets 2450 and is all-in
titan2121 calls 2450
*** RIVER *** [3h 5d 4c 8s][Ts]
*** SHOW DOWN ***
Benastre13 shows [8h 2h] (One pair : 8)
Murmya shows [Ac Ad] (One pair : Aces)
titan2121 shows [8d Kh] (One pair : 8)
titan2121 collected 5500 from side pot 1
Murmya collected 2220 from main pot
*** SUMMARY ***
Total pot 7720 | No rake
Board: [3h 5d 4c 8s Ts]
Seat 1: Murmya (big blind) showed [Ac Ad] and won 2220 with One pair : Aces
Seat 2: Benastre13 showed [8h 2h] and lost with One pair : 8
Seat 4: titan2121 showed [8d Kh] and won 5500 with One pair : 8


Winamax Poker - Tournament "Freeroll" buyIn: 0€ + 0€ level: 6 - HandId: #715279008752730410-21-1471725201 - Holdem no limit (60/120) - 2016/08/20 20:33:21 UTC
Table: 'Freeroll(166538872)#297' 6-max (real money) Seat #6 is the button
Seat 1: Murmya (2220)
Seat 3: ireek666 (2725)
Seat 4: titan2121 (5890)
Seat 5: -JZA- (6345)
Seat 6: manggy94 (6820)
*** ANTE/BLINDS ***
Murmya posts small blind 60
ireek666 posts big blind 120
Dealt to manggy94 [9d 6h]
*** PRE-FLOP *** 
titan2121 calls 120
-JZA- calls 120
manggy94 folds
Murmya calls 60
ireek666 folds
*** FLOP *** [2c 7d 4s]
Murmya checks
titan2121 checks
-JZA- bets 360
Murmya raises 360 to 720
titan2121 folds
-JZA- calls 360
*** TURN *** [2c 7d 4s][Qc]
Murmya bets 1380 and is all-in
-JZA- folds
Murmya collected 3300 from pot
*** SUMMARY ***
Total pot 3300 | No rake
Board: [2c 7d 4s Qc]
Seat 1: Murmya (small blind) won 3300


Winamax Poker - Tournament "Freeroll" buyIn: 0€ + 0€ level: 7 - HandId: #715279008752730410-22-1471725253 - Holdem no limit (10/60/120) - 2016/08/20 20:34:13 UTC
Table: 'Freeroll(166538872)#297' 6-max (real money) Seat #1 is the button
Seat 1: Murmya (3300)
Seat 2: Bottle (2860)
Seat 3: ireek666 (2605)
Seat 4: titan2121 (5770)
Seat 5: -JZA- (5505)
Seat 6: manggy94 (6820)
*** ANTE/BLINDS ***
ireek666 posts ante 10
titan2121 posts ante 10
Murmya posts ante 10
-JZA- posts ante 10
manggy94 posts ante 10
ireek666 posts small blind 60
titan2121 posts big blind 120
Dealt to manggy94 [Ah 7c]
*** PRE-FLOP *** 
-JZA- folds
manggy94 calls 120
Murmya folds
ireek666 folds
titan2121 raises 350 to 470
manggy94 calls 350
*** FLOP *** [Qs 8d 3d]
titan2121 bets 1050
manggy94 folds
titan2121 collected 2100 from pot
*** SUMMARY ***
Total pot 2100 | No rake
Board: [Qs 8d 3d]
Seat 4: titan2121 (big blind) won 2100


Winamax Poker - Tournament "Freeroll" buyIn: 0€ + 0€ level: 7 - HandId: #715279008752730410-23-1471725267 - Holdem no limit (10/60/120) - 2016/08/20 20:34:27 UTC
Table: 'Freeroll(166538872)#297' 6-max (real money) Seat #3 is the button
Seat 1: Murmya (3290)
Seat 2: Bottle (2860)
Seat 3: ireek666 (2535)
Seat 4: titan2121 (6340)
Seat 5: -JZA- (5495)
Seat 6: manggy94 (6340)
*** ANTE/BLINDS ***
titan2121 posts ante 10
-JZA- posts ante 10
Murmya posts ante 10
Bottle posts ante 10
ireek666 posts ante 10
manggy94 posts ante 10
titan2121 posts small blind 60
-JZA- posts big blind 120
Dealt to manggy94 [Ts 2c]
*** PRE-FLOP *** 
manggy94 folds
Murmya calls 120
Bottle folds
ireek666 folds
titan2121 folds
-JZA- checks
*** FLOP *** [Qs 3h 8s]
-JZA- checks
Murmya checks
*** TURN *** [Qs 3h 8s][7h]
-JZA- checks
Murmya checks
*** RIVER *** [Qs 3h 8s 7h][8h]
-JZA- checks
Murmya bets 120
-JZA- folds
Murmya collected 480 from pot
*** SUMMARY ***
Total pot 480 | No rake
Board: [Qs 3h 8s 7h 8h]
Seat 1: Murmya won 480


Winamax Poker - Tournament "Freeroll" buyIn: 0€ + 0€ level: 7 - HandId: #715279008752730410-24-1471725301 - Holdem no limit (10/60/120) - 2016/08/20 20:35:01 UTC
Table: 'Freeroll(166538872)#297' 6-max (real money) Seat #4 is the button
Seat 1: Murmya (3520)
Seat 2: Bottle (2850)
Seat 3: ireek666 (2525)
Seat 4: titan2121 (6270)
Seat 5: -JZA- (5365)
Seat 6: manggy94 (6330)
*** ANTE/BLINDS ***
-JZA- posts ante 10
manggy94 posts ante 10
Murmya posts ante 10
Bottle posts ante 10
ireek666 posts ante 10
titan2121 posts ante 10
-JZA- posts small blind 60
manggy94 posts big blind 120
Dealt to manggy94 [6d 6s]
*** PRE-FLOP *** 
Murmya folds
Bottle folds
ireek666 folds
titan2121 folds
-JZA- folds
manggy94 collected 240 from pot
*** SUMMARY ***
Total pot 240 | No rake
Seat 6: manggy94 (big blind) won 240


Winamax Poker - Tournament "Freeroll" buyIn: 0€ + 0€ level: 7 - HandId: #715279008752730410-25-1471725308 - Holdem no limit (10/60/120) - 2016/08/20 20:35:08 UTC
Table: 'Freeroll(166538872)#297' 6-max (real money) Seat #5 is the button
Seat 1: Murmya (3510)
Seat 2: Bottle (2840)
Seat 3: ireek666 (2515)
Seat 4: titan2121 (6260)
Seat 5: -JZA- (5295)
Seat 6: manggy94 (6440)
*** ANTE/BLINDS ***
manggy94 posts ante 10
Murmya posts ante 10
Bottle posts ante 10
ireek666 posts ante 10
titan2121 posts ante 10
-JZA- posts ante 10
manggy94 posts small blind 60
Murmya posts big blind 120
Dealt to manggy94 [Qd 4s]
*** PRE-FLOP *** 
Bottle folds
ireek666 folds
titan2121 calls 120
-JZA- folds
manggy94 folds
Murmya checks
*** FLOP *** [6c Ad 8d]
Murmya bets 240
titan2121 folds
Murmya collected 600 from pot
*** SUMMARY ***
Total pot 600 | No rake
Board: [6c Ad 8d]
Seat 1: Murmya (big blind) won 600


Winamax Poker - Tournament "Freeroll" buyIn: 0€ + 0€ level: 7 - HandId: #715279008752730410-26-1471725336 - Holdem no limit (10/60/120) - 2016/08/20 20:35:36 UTC
Table: 'Freeroll(166538872)#297' 6-max (real money) Seat #6 is the button
Seat 1: Murmya (3740)
Seat 2: Bottle (2830)
Seat 3: ireek666 (2505)
Seat 4: titan2121 (6130)
Seat 5: -JZA- (5285)
Seat 6: manggy94 (6370)
*** ANTE/BLINDS ***
Murmya posts ante 10
Bottle posts ante 10
ireek666 posts ante 10
titan2121 posts ante 10
-JZA- posts ante 10
manggy94 posts ante 10
Murmya posts small blind 60
Bottle posts big blind 120
Dealt to manggy94 [5h Ad]
*** PRE-FLOP *** 
ireek666 folds
titan2121 folds
-JZA- folds
manggy94 raises 360 to 480
Murmya folds
Bottle folds
manggy94 collected 720 from pot
*** SUMMARY ***
Total pot 720 | No rake
Seat 6: manggy94 (button) won 720


Winamax Poker - Tournament "Freeroll" buyIn: 0€ + 0€ level: 7 - HandId: #715279008752730410-27-1471725357 - Holdem no limit (10/60/120) - 2016/08/20 20:35:57 UTC
Table: 'Freeroll(166538872)#297' 6-max (real money) Seat #1 is the button
Seat 1: Murmya (3670)
Seat 2: Bottle (2700)
Seat 3: ireek666 (2495)
Seat 4: titan2121 (6120)
Seat 5: -JZA- (5275)
Seat 6: manggy94 (6600)
*** ANTE/BLINDS ***
Bottle posts ante 10
ireek666 posts ante 10
Murmya posts ante 10
titan2121 posts ante 10
-JZA- posts ante 10
manggy94 posts ante 10
Bottle posts small blind 60
ireek666 posts big blind 120
Dealt to manggy94 [9s Qs]
*** PRE-FLOP *** 
titan2121 folds
-JZA- folds
manggy94 raises 120 to 240
Murmya folds
Bottle folds
ireek666 folds
manggy94 collected 480 from pot
*** SUMMARY ***
Total pot 480 | No rake
Seat 6: manggy94 won 480


Winamax Poker - Tournament "Freeroll" buyIn: 0€ + 0€ level: 8 - HandId: #715279008752730410-28-1471725387 - Holdem no limit (15/75/150) - 2016/08/20 20:36:27 UTC
Table: 'Freeroll(166538872)#297' 6-max (real money) Seat #2 is the button
Seat 1: Murmya (3660)
Seat 2: Bottle (2630)
Seat 3: ireek666 (2365)
Seat 4: titan2121 (6110)
Seat 5: -JZA- (5265)
Seat 6: manggy94 (6830)
*** ANTE/BLINDS ***
ireek666 posts ante 15
titan2121 posts ante 15
Murmya posts ante 15
Bottle posts ante 15
-JZA- posts ante 15
manggy94 posts ante 15
ireek666 posts small blind 75
titan2121 posts big blind 150
Dealt to manggy94 [2d Qh]
*** PRE-FLOP *** 
-JZA- calls 150
manggy94 folds
Murmya calls 150
Bottle folds
ireek666 folds
titan2121 checks
*** FLOP *** [5c As 8c]
titan2121 bets 150
-JZA- folds
Murmya calls 150
*** TURN *** [5c As 8c][2s]
titan2121 checks
Murmya bets 300
titan2121 folds
Murmya collected 1215 from pot
*** SUMMARY ***
Total pot 1215 | No rake
Board: [5c As 8c 2s]
Seat 1: Murmya won 1215


Winamax Poker - Tournament "Freeroll" buyIn: 0€ + 0€ level: 8 - HandId: #715279008752730410-29-1471725440 - Holdem no limit (15/75/150) - 2016/08/20 20:37:20 UTC
Table: 'Freeroll(166538872)#297' 6-max (real money) Seat #3 is the button
Seat 1: Murmya (4260)
Seat 2: Bottle (2615)
Seat 3: ireek666 (2275)
Seat 4: titan2121 (5795)
Seat 5: -JZA- (5100)
Seat 6: manggy94 (6815)
*** ANTE/BLINDS ***
titan2121 posts ante 15
-JZA- posts ante 15
Murmya posts ante 15
Bottle posts ante 15
ireek666 posts ante 15
manggy94 posts ante 15
titan2121 posts small blind 75
-JZA- posts big blind 150
Dealt to manggy94 [Jh 2s]
*** PRE-FLOP *** 
manggy94 folds
Murmya calls 150
Bottle folds
ireek666 folds
titan2121 raises 150 to 300
-JZA- folds
Murmya calls 150
*** FLOP *** [3h Ts 8c]
titan2121 checks
Murmya checks
*** TURN *** [3h Ts 8c][Qd]
titan2121 bets 150
Murmya folds
titan2121 collected 990 from pot
*** SUMMARY ***
Total pot 990 | No rake
Board: [3h Ts 8c Qd]
Seat 4: titan2121 (small blind) won 990


Winamax Poker - Tournament "Freeroll" buyIn: 0€ + 0€ level: 8 - HandId: #715279008752730410-30-1471725469 - Holdem no limit (15/75/150) - 2016/08/20 20:37:49 UTC
Table: 'Freeroll(166538872)#297' 6-max (real money) Seat #4 is the button
Seat 1: Murmya (3945)
Seat 2: Bottle (2600)
Seat 3: ireek666 (2260)
Seat 4: titan2121 (6320)
Seat 5: -JZA- (4935)
Seat 6: manggy94 (6800)
*** ANTE/BLINDS ***
-JZA- posts ante 15
manggy94 posts ante 15
Murmya posts ante 15
Bottle posts ante 15
ireek666 posts ante 15
titan2121 posts ante 15
-JZA- posts small blind 75
manggy94 posts big blind 150
Dealt to manggy94 [Kd Kc]
*** PRE-FLOP *** 
Murmya folds
Bottle folds
ireek666 folds
titan2121 folds
-JZA- calls 75
manggy94 raises 390 to 540
-JZA- calls 390
*** FLOP *** [Ad Ac 3d]
-JZA- checks
manggy94 bets 1170
-JZA- folds
manggy94 collected 2340 from pot
*** SUMMARY ***
Total pot 2340 | No rake
Board: [Ad Ac 3d]
Seat 6: manggy94 (big blind) won 2340


Winamax Poker - Tournament "Freeroll" buyIn: 0€ + 0€ level: 8 - HandId: #715279008752730410-31-1471725505 - Holdem no limit (15/75/150) - 2016/08/20 20:38:25 UTC
Table: 'Freeroll(166538872)#297' 6-max (real money) Seat #5 is the button
Seat 1: Murmya (3930)
Seat 2: Bottle (2585)
Seat 3: ireek666 (2245)
Seat 4: titan2121 (6305)
Seat 5: -JZA- (4380)
Seat 6: manggy94 (7415)
*** ANTE/BLINDS ***
manggy94 posts ante 15
Murmya posts ante 15
Bottle posts ante 15
ireek666 posts ante 15
titan2121 posts ante 15
-JZA- posts ante 15
manggy94 posts small blind 75
Murmya posts big blind 150
Dealt to manggy94 [8h Ac]
*** PRE-FLOP *** 
Bottle folds
ireek666 folds
titan2121 calls 150
-JZA- folds
manggy94 calls 75
Murmya raises 225 to 375
titan2121 calls 225
manggy94 calls 225
*** FLOP *** [8c Qd 7h]
manggy94 checks
Murmya checks
titan2121 checks
*** TURN *** [8c Qd 7h][2d]
manggy94 bets 608
Murmya folds
titan2121 calls 608
*** RIVER *** [8c Qd 7h 2d][Kc]
manggy94 bets 1216
titan2121 calls 1216
*** SHOW DOWN ***
manggy94 shows [8h Ac] (One pair : 8)
titan2121 shows [3d Kd] (One pair : Kings)
titan2121 collected 4863 from pot
*** SUMMARY ***
Total pot 4863 | No rake
Board: [8c Qd 7h 2d Kc]
Seat 4: titan2121 showed [3d Kd] and won 4863 with One pair : Kings
Seat 6: manggy94 (small blind) showed [8h Ac] and lost with One pair : 8


Winamax Poker - Tournament "Freeroll" buyIn: 0€ + 0€ level: 9 - HandId: #715279008752730410-32-1471725608 - Holdem no limit (20/100/200) - 2016/08/20 20:40:08 UTC
Table: 'Freeroll(166538872)#297' 6-max (real money) Seat #6 is the button
Seat 1: Murmya (3540)
Seat 2: Bottle (2570)
Seat 3: ireek666 (2230)
Seat 4: titan2121 (8954)
Seat 5: -JZA- (4365)
Seat 6: manggy94 (5201)
*** ANTE/BLINDS ***
Murmya posts ante 20
Bottle posts ante 20
ireek666 posts ante 20
titan2121 posts ante 20
-JZA- posts ante 20
manggy94 posts ante 20
Murmya posts small blind 100
Bottle posts big blind 200
Dealt to manggy94 [4c 2d]
*** PRE-FLOP *** 
ireek666 folds
titan2121 calls 200
-JZA- calls 200
manggy94 folds
Murmya calls 100
Bottle folds
*** FLOP *** [Ts Ah Ks]
Murmya checks
titan2121 bets 200
-JZA- calls 200
Murmya calls 200
*** TURN *** [Ts Ah Ks][6h]
Murmya checks
titan2121 bets 200
-JZA- calls 200
Murmya calls 200
*** RIVER *** [Ts Ah Ks 6h][Jh]
Murmya checks
titan2121 bets 200
-JZA- raises 500 to 700
Murmya folds
titan2121 folds
-JZA- collected 3020 from pot
*** SUMMARY ***
Total pot 3020 | No rake
Board: [Ts Ah Ks 6h Jh]
Seat 5: -JZA- won 3020


Winamax Poker - Tournament "Freeroll" buyIn: 0€ + 0€ level: 9 - HandId: #715279008752730410-33-1471725690 - Holdem no limit (20/100/200) - 2016/08/20 20:41:30 UTC
Table: 'Freeroll(166538872)#297' 6-max (real money) Seat #1 is the button
Seat 1: Murmya (2920)
Seat 2: Bottle (2350)
Seat 3: ireek666 (2210)
Seat 4: titan2121 (8134)
Seat 5: -JZA- (6065)
Seat 6: manggy94 (5181)
*** ANTE/BLINDS ***
Bottle posts ante 20
ireek666 posts ante 20
Murmya posts ante 20
titan2121 posts ante 20
-JZA- posts ante 20
manggy94 posts ante 20
Bottle posts small blind 100
ireek666 posts big blind 200
Dealt to manggy94 [Ad 2c]
*** PRE-FLOP *** 
titan2121 folds
-JZA- folds
manggy94 calls 200
Murmya calls 200
Bottle folds
ireek666 folds
*** FLOP *** [3c 4s Ah]
manggy94 bets 410
Murmya raises 2290 to 2700 and is all-in
manggy94 calls 2290
*** TURN *** [3c 4s Ah][6h]
*** RIVER *** [3c 4s Ah 6h][9d]
*** SHOW DOWN ***
Murmya shows [2s As] (One pair : Aces)
manggy94 shows [Ad 2c] (One pair : Aces)
manggy94 collected 3110 from pot
Murmya collected 3110 from pot
*** SUMMARY ***
Total pot 6220 | No rake
Board: [3c 4s Ah 6h 9d]
Seat 1: Murmya (button) showed [2s As] and won 3110 with One pair : Aces
Seat 6: manggy94 showed [Ad 2c] and won 3110 with One pair : Aces


Winamax Poker - Tournament "Freeroll" buyIn: 0€ + 0€ level: 9 - HandId: #715279008752730410-34-1471725719 - Holdem no limit (20/100/200) - 2016/08/20 20:41:59 UTC
Table: 'Freeroll(166538872)#297' 6-max (real money) Seat #2 is the button
Seat 1: Murmya (3110)
Seat 2: Bottle (2230)
Seat 3: ireek666 (1990)
Seat 4: titan2121 (8114)
Seat 5: -JZA- (6045)
Seat 6: manggy94 (5371)
*** ANTE/BLINDS ***
ireek666 posts ante 20
titan2121 posts ante 20
Murmya posts ante 20
Bottle posts ante 20
-JZA- posts ante 20
manggy94 posts ante 20
ireek666 posts small blind 100
titan2121 posts big blind 200
Dealt to manggy94 [Td 2d]
*** PRE-FLOP *** 
-JZA- folds
manggy94 folds
Murmya calls 200
Bottle folds
ireek666 folds
titan2121 checks
*** FLOP *** [Kh Ts Qc]
titan2121 bets 200
Murmya folds
titan2121 collected 820 from pot
*** SUMMARY ***
Total pot 820 | No rake
Board: [Kh Ts Qc]
Seat 4: titan2121 (big blind) won 820


Winamax Poker - Tournament "Freeroll" buyIn: 0€ + 0€ level: 9 - HandId: #715279008752730410-35-1471725737 - Holdem no limit (20/100/200) - 2016/08/20 20:42:17 UTC
Table: 'Freeroll(166538872)#297' 6-max (real money) Seat #3 is the button
Seat 1: Murmya (2890)
Seat 2: Bottle (2210)
Seat 3: ireek666 (1870)
Seat 4: titan2121 (8514)
Seat 5: -JZA- (6025)
Seat 6: manggy94 (5351)
*** ANTE/BLINDS ***
titan2121 posts ante 20
-JZA- posts ante 20
Murmya posts ante 20
Bottle posts ante 20
ireek666 posts ante 20
manggy94 posts ante 20
titan2121 posts small blind 100
-JZA- posts big blind 200
Dealt to manggy94 [7h 3d]
*** PRE-FLOP *** 
manggy94 folds
Murmya calls 200
Bottle folds
ireek666 folds
titan2121 folds
-JZA- checks
*** FLOP *** [3s 8c 9s]
-JZA- checks
Murmya bets 300
-JZA- folds
Murmya collected 920 from pot
*** SUMMARY ***
Total pot 920 | No rake
Board: [3s 8c 9s]
Seat 1: Murmya won 920


Winamax Poker - Tournament "Freeroll" buyIn: 0€ + 0€ level: 10 - HandId: #715279008752730410-36-1471725765 - Holdem no limit (25/125/250) - 2016/08/20 20:42:45 UTC
Table: 'Freeroll(166538872)#297' 6-max (real money) Seat #4 is the button
Seat 1: Murmya (3290)
Seat 2: Bottle (2190)
Seat 3: ireek666 (1850)
Seat 4: titan2121 (8394)
Seat 5: -JZA- (5805)
Seat 6: manggy94 (5331)
*** ANTE/BLINDS ***
-JZA- posts ante 25
manggy94 posts ante 25
Murmya posts ante 25
Bottle posts ante 25
ireek666 posts ante 25
titan2121 posts ante 25
-JZA- posts small blind 125
manggy94 posts big blind 250
Dealt to manggy94 [Qh 9s]
*** PRE-FLOP *** 
Murmya calls 250
Bottle folds
ireek666 folds
titan2121 calls 250
-JZA- folds
manggy94 checks
*** FLOP *** [9h 4d Qc]
manggy94 checks
Murmya checks
titan2121 bets 1025
manggy94 raises 3075 to 4100
Murmya folds
titan2121 folds
manggy94 collected 6150 from pot
*** SUMMARY ***
Total pot 6150 | No rake
Board: [9h 4d Qc]
Seat 6: manggy94 (big blind) won 6150


Winamax Poker - Tournament "Freeroll" buyIn: 0€ + 0€ level: 10 - HandId: #715279008752730410-37-1471725788 - Holdem no limit (25/125/250) - 2016/08/20 20:43:08 UTC
Table: 'Freeroll(166538872)#297' 6-max (real money) Seat #5 is the button
Seat 1: Murmya (3015)
Seat 2: Bottle (2165)
Seat 3: ireek666 (1825)
Seat 4: titan2121 (7094)
Seat 5: -JZA- (5655)
Seat 6: manggy94 (7106)
*** ANTE/BLINDS ***
manggy94 posts ante 25
Murmya posts ante 25
Bottle posts ante 25
ireek666 posts ante 25
titan2121 posts ante 25
-JZA- posts ante 25
manggy94 posts small blind 125
Murmya posts big blind 250
Dealt to manggy94 [8h 8d]
*** PRE-FLOP *** 
Bottle folds
ireek666 folds
titan2121 calls 250
-JZA- calls 250
manggy94 raises 250 to 500
Murmya folds
titan2121 folds
-JZA- calls 250
*** FLOP *** [4d 6s 9d]
manggy94 bets 825
-JZA- calls 825
*** TURN *** [4d 6s 9d][Qh]
manggy94 checks
-JZA- bets 875
manggy94 calls 875
*** RIVER *** [4d 6s 9d Qh][4h]
manggy94 checks
-JZA- checks
*** SHOW DOWN ***
-JZA- shows [As 7h] (One pair : 4)
manggy94 shows [8h 8d] (Two pairs : 8 and 4)
manggy94 collected 5050 from pot
*** SUMMARY ***
Total pot 5050 | No rake
Board: [4d 6s 9d Qh 4h]
Seat 5: -JZA- (button) showed [As 7h] and lost with One pair : 4
Seat 6: manggy94 (small blind) showed [8h 8d] and won 5050 with Two pairs : 8 and 4


Winamax Poker - Tournament "Freeroll" buyIn: 0€ + 0€ level: 10 - HandId: #715279008752730410-38-1471725838 - Holdem no limit (25/125/250) - 2016/08/20 20:43:58 UTC
Table: 'Freeroll(166538872)#297' 6-max (real money) Seat #6 is the button
Seat 1: Murmya (2740)
Seat 2: Bottle (2140)
Seat 3: ireek666 (1800)
Seat 4: titan2121 (6819)
Seat 5: -JZA- (3430)
Seat 6: manggy94 (9931)
*** ANTE/BLINDS ***
Murmya posts ante 25
Bottle posts ante 25
ireek666 posts ante 25
titan2121 posts ante 25
-JZA- posts ante 25
manggy94 posts ante 25
Murmya posts small blind 125
Bottle posts big blind 250
Dealt to manggy94 [Jh Qc]
*** PRE-FLOP *** 
ireek666 folds
titan2121 folds
-JZA- folds
manggy94 raises 250 to 500
Murmya folds
Bottle folds
manggy94 collected 1025 from pot
*** SUMMARY ***
Total pot 1025 | No rake
Seat 6: manggy94 (button) won 1025


Winamax Poker - Tournament "Freeroll" buyIn: 0€ + 0€ level: 10 - HandId: #715279008752730410-39-1471725858 - Holdem no limit (25/125/250) - 2016/08/20 20:44:18 UTC
Table: 'Freeroll(166538872)#297' 6-max (real money) Seat #1 is the button
Seat 1: Murmya (2590)
Seat 2: Bottle (1865)
Seat 3: ireek666 (1775)
Seat 4: titan2121 (6794)
Seat 5: -JZA- (3405)
Seat 6: manggy94 (10431)
*** ANTE/BLINDS ***
Bottle posts ante 25
ireek666 posts ante 25
Murmya posts ante 25
titan2121 posts ante 25
-JZA- posts ante 25
manggy94 posts ante 25
Bottle posts small blind 125
ireek666 posts big blind 250
Dealt to manggy94 [Kd Tc]
*** PRE-FLOP *** 
titan2121 calls 250
-JZA- folds
manggy94 raises 250 to 500
Murmya folds
Bottle folds
ireek666 folds
titan2121 calls 250
*** FLOP *** [3c Jh 5d]
titan2121 bets 1525
manggy94 folds
titan2121 collected 3050 from pot
*** SUMMARY ***
Total pot 3050 | No rake
Board: [3c Jh 5d]
Seat 4: titan2121 won 3050


Winamax Poker - Tournament "Freeroll" buyIn: 0€ + 0€ level: 11 - HandId: #715279008752730410-40-1471725928 - Holdem no limit (35/150/300) - 2016/08/20 20:45:28 UTC
Table: 'Freeroll(166538872)#297' 6-max (real money) Seat #2 is the button
Seat 1: Murmya (2565)
Seat 2: Bottle (1715)
Seat 3: ireek666 (1500)
Seat 4: titan2121 (7794)
Seat 5: -JZA- (3380)
Seat 6: manggy94 (9906)
*** ANTE/BLINDS ***
ireek666 posts ante 35
titan2121 posts ante 35
Murmya posts ante 35
Bottle posts ante 35
-JZA- posts ante 35
manggy94 posts ante 35
ireek666 posts small blind 150
titan2121 posts big blind 300
Dealt to manggy94 [3h 9h]
*** PRE-FLOP *** 
-JZA- folds
manggy94 folds
Murmya folds
Bottle folds
ireek666 folds
titan2121 collected 660 from pot
*** SUMMARY ***
Total pot 660 | No rake
Seat 4: titan2121 (big blind) won 660


Winamax Poker - Tournament "Freeroll" buyIn: 0€ + 0€ level: 11 - HandId: #715279008752730410-41-1471725936 - Holdem no limit (35/150/300) - 2016/08/20 20:45:36 UTC
Table: 'Freeroll(166538872)#297' 6-max (real money) Seat #3 is the button
Seat 1: Murmya (2530)
Seat 2: Bottle (1680)
Seat 3: ireek666 (1315)
Seat 4: titan2121 (8119)
Seat 5: -JZA- (3345)
Seat 6: manggy94 (9871)
*** ANTE/BLINDS ***
titan2121 posts ante 35
-JZA- posts ante 35
Murmya posts ante 35
Bottle posts ante 35
ireek666 posts ante 35
manggy94 posts ante 35
titan2121 posts small blind 150
-JZA- posts big blind 300
Dealt to manggy94 [9h 4d]
*** PRE-FLOP *** 
manggy94 folds
Murmya folds
Bottle folds
ireek666 folds
titan2121 calls 150
-JZA- raises 450 to 750
titan2121 calls 450
*** FLOP *** [Ac Th 6c]
titan2121 bets 7334 and is all-in
-JZA- folds
titan2121 collected 9044 from pot
*** SUMMARY ***
Total pot 9044 | No rake
Board: [Ac Th 6c]
Seat 4: titan2121 (small blind) won 9044


Winamax Poker - Tournament "Freeroll" buyIn: 0€ + 0€ level: 11 - HandId: #715279008752730410-42-1471725957 - Holdem no limit (35/150/300) - 2016/08/20 20:45:57 UTC
Table: 'Freeroll(166538872)#297' 6-max (real money) Seat #4 is the button
Seat 1: Murmya (2495)
Seat 2: Bottle (1645)
Seat 3: ireek666 (1280)
Seat 4: titan2121 (9044)
Seat 5: -JZA- (2560)
Seat 6: manggy94 (9836)
*** ANTE/BLINDS ***
-JZA- posts ante 35
manggy94 posts ante 35
Murmya posts ante 35
Bottle posts ante 35
ireek666 posts ante 35
titan2121 posts ante 35
-JZA- posts small blind 150
manggy94 posts big blind 300
Dealt to manggy94 [7d Kc]
*** PRE-FLOP *** 
Murmya calls 300
Bottle folds
ireek666 folds
titan2121 calls 300
-JZA- folds
manggy94 checks
*** FLOP *** [6c 4c Qs]
manggy94 checks
Murmya checks
titan2121 bets 1260
manggy94 folds
Murmya folds
titan2121 collected 2520 from pot
*** SUMMARY ***
Total pot 2520 | No rake
Board: [6c 4c Qs]
Seat 4: titan2121 (button) won 2520


Winamax Poker - Tournament "Freeroll" buyIn: 0€ + 0€ level: 11 - HandId: #715279008752730410-43-1471725978 - Holdem no limit (35/150/300) - 2016/08/20 20:46:18 UTC
Table: 'Freeroll(166538872)#297' 6-max (real money) Seat #5 is the button
Seat 1: Murmya (2160)
Seat 2: Bottle (1610)
Seat 3: ireek666 (1245)
Seat 4: titan2121 (9969)
Seat 5: -JZA- (2375)
Seat 6: manggy94 (9501)
*** ANTE/BLINDS ***
manggy94 posts ante 35
Murmya posts ante 35
Bottle posts ante 35
ireek666 posts ante 35
titan2121 posts ante 35
-JZA- posts ante 35
manggy94 posts small blind 150
Murmya posts big blind 300
Dealt to manggy94 [5s 3d]
*** PRE-FLOP *** 
Bottle folds
ireek666 folds
titan2121 calls 300
-JZA- folds
manggy94 folds
Murmya checks
*** FLOP *** [9c Ad 6h]
Murmya checks
titan2121 bets 300
Murmya raises 1525 to 1825 and is all-in
titan2121 folds
Murmya collected 3085 from pot
*** SUMMARY ***
Total pot 3085 | No rake
Board: [9c Ad 6h]
Seat 1: Murmya (big blind) won 3085


Winamax Poker - Tournament "Freeroll" buyIn: 0€ + 0€ level: 11 - HandId: #715279008752730410-44-1471726010 - Holdem no limit (35/150/300) - 2016/08/20 20:46:50 UTC
Table: 'Freeroll(166538872)#297' 6-max (real money) Seat #6 is the button
Seat 1: Murmya (3085)
Seat 2: Bottle (1575)
Seat 3: ireek666 (1210)
Seat 4: titan2121 (9334)
Seat 5: -JZA- (2340)
Seat 6: manggy94 (9316)
*** ANTE/BLINDS ***
Murmya posts ante 35
Bottle posts ante 35
ireek666 posts ante 35
titan2121 posts ante 35
-JZA- posts ante 35
manggy94 posts ante 35
Murmya posts small blind 150
Bottle posts big blind 300
Dealt to manggy94 [Ks Kd]
*** PRE-FLOP *** 
ireek666 folds
titan2121 calls 300
-JZA- folds
manggy94 raises 1200 to 1500
Murmya raises 1550 to 3050 and is all-in
Bottle calls 1240 and is all-in
titan2121 folds
manggy94 calls 1550
*** FLOP *** [9s 6s 3c]
*** TURN *** [9s 6s 3c][4h]
*** RIVER *** [9s 6s 3c 4h][4s]
*** SHOW DOWN ***
Murmya shows [Jd Qc] (One pair : 4)
Bottle shows [Td 8h] (One pair : 4)
manggy94 shows [Ks Kd] (Two pairs : Kings and 4)
manggy94 collected 8150 from pot
*** SUMMARY ***
Total pot 8150 | No rake
Board: [9s 6s 3c 4h 4s]
Seat 1: Murmya (small blind) showed [Jd Qc] and lost with One pair : 4
Seat 2: Bottle (big blind) showed [Td 8h] and lost with One pair : 4
Seat 6: manggy94 (button) showed [Ks Kd] and won 8150 with Two pairs : Kings and 4


Winamax Poker - Tournament "Freeroll" buyIn: 0€ + 0€ level: 11 - HandId: #715279008752730410-45-1471726040 - Holdem no limit (35/150/300) - 2016/08/20 20:47:20 UTC
Table: 'Freeroll(166538872)#297' 6-max (real money) Seat #1 is the button
Seat 3: ireek666 (1175)
Seat 4: titan2121 (8999)
Seat 5: -JZA- (2305)
Seat 6: manggy94 (14381)
*** ANTE/BLINDS ***
ireek666 posts ante 35
titan2121 posts ante 35
-JZA- posts ante 35
manggy94 posts ante 35
ireek666 posts big blind 300
Dealt to manggy94 [3h Qc]
*** PRE-FLOP *** 
titan2121 folds
-JZA- folds
manggy94 raises 300 to 600
ireek666 folds
manggy94 collected 1040 from pot
*** SUMMARY ***
Total pot 1040 | No rake
Seat 6: manggy94 won 1040


Winamax Poker - Tournament "Freeroll" buyIn: 0€ + 0€ level: 11 - HandId: #715279008752730410-46-1471726047 - Holdem no limit (35/150/300) - 2016/08/20 20:47:27 UTC
Table: 'Freeroll(166538872)#297' 6-max (real money) Seat #2 is the button
Seat 3: ireek666 (840)
Seat 4: titan2121 (8964)
Seat 5: -JZA- (2270)
Seat 6: manggy94 (14786)
*** ANTE/BLINDS ***
ireek666 posts ante 35
titan2121 posts ante 35
-JZA- posts ante 35
manggy94 posts ante 35
ireek666 posts small blind 150
titan2121 posts big blind 300
Dealt to manggy94 [4s Qs]
*** PRE-FLOP *** 
-JZA- folds
manggy94 raises 300 to 600
ireek666 folds
titan2121 calls 300
*** FLOP *** [7d Ac 6h]
titan2121 checks
manggy94 bets 745
titan2121 calls 745
*** TURN *** [7d Ac 6h][8c]
titan2121 checks
manggy94 checks
*** RIVER *** [7d Ac 6h 8c][7h]
titan2121 bets 2980
manggy94 folds
titan2121 collected 5960 from pot
*** SUMMARY ***
Total pot 5960 | No rake
Board: [7d Ac 6h 8c 7h]
Seat 4: titan2121 (big blind) won 5960


Winamax Poker - Tournament "Freeroll" buyIn: 0€ + 0€ level: 11 - HandId: #715279008752730410-47-1471726104 - Holdem no limit (35/150/300) - 2016/08/20 20:48:24 UTC
Table: 'Freeroll(166538872)#297' 6-max (real money) Seat #3 is the button
Seat 1: freeman28 (3050)
Seat 3: ireek666 (655)
Seat 4: titan2121 (10564)
Seat 5: -JZA- (2235)
Seat 6: manggy94 (13406)
*** ANTE/BLINDS ***
titan2121 posts ante 35
-JZA- posts ante 35
freeman28 posts ante 35
ireek666 posts ante 35
manggy94 posts ante 35
titan2121 posts small blind 150
-JZA- posts big blind 300
Dealt to manggy94 [4s 2h]
*** PRE-FLOP *** 
manggy94 folds
freeman28 calls 300
ireek666 folds
titan2121 calls 150
-JZA- checks
*** FLOP *** [3s 4d 3d]
titan2121 checks
-JZA- checks
freeman28 checks
*** TURN *** [3s 4d 3d][Ts]
titan2121 checks
-JZA- checks
freeman28 checks
*** RIVER *** [3s 4d 3d Ts][8d]
titan2121 checks
-JZA- checks
freeman28 checks
*** SHOW DOWN ***
titan2121 shows [6d Jh] (One pair : 3)
-JZA- shows [9s 7h] (One pair : 3)
freeman28 shows [Kh Js] (One pair : 3)
freeman28 collected 1075 from pot
*** SUMMARY ***
Total pot 1075 | No rake
Board: [3s 4d 3d Ts 8d]
Seat 1: freeman28 showed [Kh Js] and won 1075 with One pair : 3
Seat 4: titan2121 (small blind) showed [6d Jh] and lost with One pair : 3
Seat 5: -JZA- (big blind) showed [9s 7h] and lost with One pair : 3


Winamax Poker - Tournament "Freeroll" buyIn: 0€ + 0€ level: 12 - HandId: #715279008752730410-48-1471726126 - Holdem no limit (40/200/400) - 2016/08/20 20:48:46 UTC
Table: 'Freeroll(166538872)#297' 6-max (real money) Seat #4 is the button
Seat 1: freeman28 (3790)
Seat 3: ireek666 (620)
Seat 4: titan2121 (10229)
Seat 5: -JZA- (1900)
Seat 6: manggy94 (13371)
*** ANTE/BLINDS ***
-JZA- posts ante 40
manggy94 posts ante 40
freeman28 posts ante 40
ireek666 posts ante 40
titan2121 posts ante 40
-JZA- posts small blind 200
manggy94 posts big blind 400
Dealt to manggy94 [Jh Tc]
*** PRE-FLOP *** 
freeman28 folds
ireek666 folds
titan2121 calls 400
-JZA- folds
manggy94 checks
*** FLOP *** [Qh 4s Kc]
manggy94 bets 600
titan2121 calls 600
*** TURN *** [Qh 4s Kc][5h]
manggy94 checks
titan2121 bets 400
manggy94 calls 400
*** RIVER *** [Qh 4s Kc 5h][2s]
manggy94 checks
titan2121 bets 400
manggy94 calls 400
*** SHOW DOWN ***
manggy94 shows [Jh Tc] (High card : King)
titan2121 shows [9c Qs] (One pair : Queens)
titan2121 collected 4000 from pot
*** SUMMARY ***
Total pot 4000 | No rake
Board: [Qh 4s Kc 5h 2s]
Seat 4: titan2121 (button) showed [9c Qs] and won 4000 with One pair : Queens
Seat 6: manggy94 (big blind) showed [Jh Tc] and lost with High card : King


Winamax Poker - Tournament "Freeroll" buyIn: 0€ + 0€ level: 12 - HandId: #715279008752730410-49-1471726148 - Holdem no limit (40/200/400) - 2016/08/20 20:49:08 UTC
Table: 'Freeroll(166538872)#297' 6-max (real money) Seat #5 is the button
Seat 1: freeman28 (3750)
Seat 2: Brian b (9640)
Seat 3: ireek666 (580)
Seat 4: titan2121 (12389)
Seat 5: -JZA- (1660)
Seat 6: manggy94 (11531)
*** ANTE/BLINDS ***
manggy94 posts ante 40
freeman28 posts ante 40
Brian b posts ante 40
ireek666 posts ante 40
titan2121 posts ante 40
-JZA- posts ante 40
manggy94 posts small blind 200
freeman28 posts big blind 400
Dealt to manggy94 [2c 5h]
*** PRE-FLOP *** 
Brian b folds
ireek666 folds
titan2121 calls 400
-JZA- folds
manggy94 folds
freeman28 checks
*** FLOP *** [Ac 4s 7c]
freeman28 checks
titan2121 bets 1240
freeman28 calls 1240
*** TURN *** [Ac 4s 7c][9c]
freeman28 checks
titan2121 bets 400
freeman28 calls 400
*** RIVER *** [Ac 4s 7c 9c][4h]
freeman28 checks
titan2121 bets 400
freeman28 calls 400
*** SHOW DOWN ***
freeman28 shows [8h 7s] (Two pairs : 7 and 4)
titan2121 shows [As 5d] (Two pairs : Aces and 4)
titan2121 collected 5320 from pot
*** SUMMARY ***
Total pot 5320 | No rake
Board: [Ac 4s 7c 9c 4h]
Seat 1: freeman28 (big blind) showed [8h 7s] and lost with Two pairs : 7 and 4
Seat 4: titan2121 showed [As 5d] and won 5320 with Two pairs : Aces and 4


Winamax Poker - Tournament "Freeroll" buyIn: 0€ + 0€ level: 12 - HandId: #715279008752730410-50-1471726185 - Holdem no limit (40/200/400) - 2016/08/20 20:49:45 UTC
Table: 'Freeroll(166538872)#297' 6-max (real money) Seat #6 is the button
Seat 1: freeman28 (1270)
Seat 2: Brian b (9600)
Seat 3: ireek666 (540)
Seat 4: titan2121 (15229)
Seat 5: -JZA- (1620)
Seat 6: manggy94 (11291)
*** ANTE/BLINDS ***
freeman28 posts ante 40
Brian b posts ante 40
ireek666 posts ante 40
titan2121 posts ante 40
-JZA- posts ante 40
manggy94 posts ante 40
freeman28 posts small blind 200
Brian b posts big blind 400
Dealt to manggy94 [9s 7c]
*** PRE-FLOP *** 
ireek666 folds
titan2121 calls 400
-JZA- folds
manggy94 folds
freeman28 raises 830 to 1230 and is all-in
Brian b calls 830
titan2121 folds
*** FLOP *** [2s 6d Kd]
*** TURN *** [2s 6d Kd][Jh]
*** RIVER *** [2s 6d Kd Jh][Td]
*** SHOW DOWN ***
freeman28 shows [Kh Ad] (One pair : Kings)
Brian b shows [Qs Ah] (Straight Ace high)
Brian b collected 3100 from pot
*** SUMMARY ***
Total pot 3100 | No rake
Board: [2s 6d Kd Jh Td]
Seat 1: freeman28 (small blind) showed [Kh Ad] and lost with One pair : Kings
Seat 2: Brian b (big blind) showed [Qs Ah] and won 3100 with Straight Ace high


Winamax Poker - Tournament "Freeroll" buyIn: 0€ + 0€ level: 12 - HandId: #715279008752730343-44-1471726235 - Holdem no limit (40/200/400) - 2016/08/20 20:50:35 UTC
Table: 'Freeroll(166538872)#230' 6-max (real money) Seat #4 is the button
Seat 1: nikkypj (3550)
Seat 2: manggy94 (11251)
Seat 3: bbrizn35 (3300)
Seat 4: stforever (3005)
Seat 5: Jo sans E (17029)
Seat 6: scr61100 (17755)
*** ANTE/BLINDS ***
scr61100 posts ante 40
nikkypj posts ante 40
manggy94 posts ante 40
bbrizn35 posts ante 40
stforever posts ante 40
scr61100 posts small blind 200
nikkypj posts big blind 400
Dealt to manggy94 [Qd 6c]
*** PRE-FLOP *** 
manggy94 folds
bbrizn35 folds
stforever folds
scr61100 calls 200
nikkypj checks
*** FLOP *** [6h Ts Td]
scr61100 bets 400
nikkypj folds
scr61100 collected 1400 from pot
*** SUMMARY ***
Total pot 1400 | No rake
Board: [6h Ts Td]
Seat 6: scr61100 (small blind) won 1400


Winamax Poker - Tournament "Freeroll" buyIn: 0€ + 0€ level: 13 - HandId: #715279008752730343-45-1471726305 - Holdem no limit (50/250/500) - 2016/08/20 20:51:45 UTC
Table: 'Freeroll(166538872)#230' 6-max (real money) Seat #6 is the button
Seat 1: nikkypj (3110)
Seat 2: manggy94 (11211)
Seat 3: bbrizn35 (3260)
Seat 4: stforever (2965)
Seat 5: Jo sans E (17029)
Seat 6: scr61100 (18315)
*** ANTE/BLINDS ***
nikkypj posts ante 50
manggy94 posts ante 50
bbrizn35 posts ante 50
stforever posts ante 50
Jo sans E posts ante 50
scr61100 posts ante 50
nikkypj posts small blind 250
manggy94 posts big blind 500
Dealt to manggy94 [Td 2d]
*** PRE-FLOP *** 
bbrizn35 folds
stforever calls 500
Jo sans E raises 500 to 1000
scr61100 folds
nikkypj calls 750
manggy94 folds
stforever calls 500
*** FLOP *** [Ah 5c 7s]
nikkypj bets 2060 and is all-in
stforever calls 1915 and is all-in
Jo sans E folds
*** TURN *** [Ah 5c 7s][3d]
*** RIVER *** [Ah 5c 7s 3d][3h]
*** SHOW DOWN ***
nikkypj shows [Qc Qs] (Two pairs : Queens and 3)
stforever shows [Ad Jd] (Two pairs : Aces and 3)
stforever collected 7630 from main pot
nikkypj collected 145 from side pot 1
*** SUMMARY ***
Total pot 7775 | No rake
Board: [Ah 5c 7s 3d 3h]
Seat 1: nikkypj (small blind) showed [Qc Qs] and won 145 with Two pairs : Queens and 3
Seat 4: stforever showed [Ad Jd] and won 7630 with Two pairs : Aces and 3


Winamax Poker - Tournament "Freeroll" buyIn: 0€ + 0€ level: 13 - HandId: #715279008752730343-46-1471726339 - Holdem no limit (50/250/500) - 2016/08/20 20:52:19 UTC
Table: 'Freeroll(166538872)#230' 6-max (real money) Seat #1 is the button
Seat 1: nikkypj (145)
Seat 2: manggy94 (10661)
Seat 3: bbrizn35 (3210)
Seat 4: stforever (7630)
Seat 5: Jo sans E (15979)
Seat 6: scr61100 (18265)
*** ANTE/BLINDS ***
manggy94 posts ante 50
bbrizn35 posts ante 50
nikkypj posts ante 50
stforever posts ante 50
Jo sans E posts ante 50
scr61100 posts ante 50
manggy94 posts small blind 250
bbrizn35 posts big blind 500
Dealt to manggy94 [Ts 3s]
*** PRE-FLOP *** 
stforever calls 500
Jo sans E folds
scr61100 folds
nikkypj calls 95 and is all-in
manggy94 calls 250
bbrizn35 folds
*** FLOP *** [8s Qh Jc]
manggy94 bets 948
stforever folds
*** TURN *** [8s Qh Jc][3c]
*** RIVER *** [8s Qh Jc 3c][4h]
*** SHOW DOWN ***
nikkypj shows [3h 6s] (One pair : 3)
manggy94 shows [Ts 3s] (One pair : 3)
manggy94 collected 2843 from pot
*** SUMMARY ***
Total pot 2843 | No rake
Board: [8s Qh Jc 3c 4h]
Seat 1: nikkypj (button) showed [3h 6s] and lost with One pair : 3
Seat 2: manggy94 (small blind) showed [Ts 3s] and won 2843 with One pair : 3


Winamax Poker - Tournament "Freeroll" buyIn: 0€ + 0€ level: 13 - HandId: #715279008752730343-47-1471726389 - Holdem no limit (50/250/500) - 2016/08/20 20:53:09 UTC
Table: 'Freeroll(166538872)#230' 6-max (real money) Seat #2 is the button
Seat 2: manggy94 (12006)
Seat 3: bbrizn35 (2660)
Seat 4: stforever (7080)
Seat 5: Jo sans E (15929)
Seat 6: scr61100 (18215)
*** ANTE/BLINDS ***
bbrizn35 posts ante 50
stforever posts ante 50
manggy94 posts ante 50
Jo sans E posts ante 50
scr61100 posts ante 50
bbrizn35 posts small blind 250
stforever posts big blind 500
Dealt to manggy94 [2s 7h]
*** PRE-FLOP *** 
Jo sans E calls 500
scr61100 folds
manggy94 folds
bbrizn35 folds
stforever checks
*** FLOP *** [Kh Jc Kd]
stforever checks
Jo sans E bets 500
stforever folds
Jo sans E collected 2000 from pot
*** SUMMARY ***
Total pot 2000 | No rake
Board: [Kh Jc Kd]
Seat 5: Jo sans E won 2000


Winamax Poker - Tournament "Freeroll" buyIn: 0€ + 0€ level: 13 - HandId: #715279008752730343-48-1471726421 - Holdem no limit (50/250/500) - 2016/08/20 20:53:41 UTC
Table: 'Freeroll(166538872)#230' 6-max (real money) Seat #3 is the button
Seat 1: unbandefhish (2365)
Seat 2: manggy94 (11956)
Seat 3: bbrizn35 (2360)
Seat 4: stforever (6530)
Seat 5: Jo sans E (16879)
Seat 6: scr61100 (18165)
*** ANTE/BLINDS ***
stforever posts ante 50
Jo sans E posts ante 50
unbandefhish posts ante 50
manggy94 posts ante 50
bbrizn35 posts ante 50
scr61100 posts ante 50
stforever posts small blind 250
Jo sans E posts big blind 500
Dealt to manggy94 [2d 2s]
*** PRE-FLOP *** 
scr61100 folds
unbandefhish folds
manggy94 raises 500 to 1000
bbrizn35 folds
stforever folds
Jo sans E folds
manggy94 collected 2050 from pot
*** SUMMARY ***
Total pot 2050 | No rake
Seat 2: manggy94 won 2050


Winamax Poker - Tournament "Freeroll" buyIn: 0€ + 0€ level: 13 - HandId: #715279008752730343-49-1471726437 - Holdem no limit (50/250/500) - 2016/08/20 20:53:57 UTC
Table: 'Freeroll(166538872)#230' 6-max (real money) Seat #4 is the button
Seat 1: unbandefhish (2315)
Seat 2: manggy94 (12956)
Seat 3: bbrizn35 (2310)
Seat 4: stforever (6230)
Seat 5: Jo sans E (16329)
Seat 6: scr61100 (18115)
*** ANTE/BLINDS ***
Jo sans E posts ante 50
scr61100 posts ante 50
unbandefhish posts ante 50
manggy94 posts ante 50
bbrizn35 posts ante 50
stforever posts ante 50
Jo sans E posts small blind 250
scr61100 posts big blind 500
Dealt to manggy94 [7c Jc]
*** PRE-FLOP *** 
unbandefhish folds
manggy94 calls 500
bbrizn35 folds
stforever folds
Jo sans E calls 250
scr61100 checks
*** FLOP *** [3d 7d 7h]
Jo sans E checks
scr61100 checks
manggy94 bets 900
Jo sans E folds
scr61100 folds
manggy94 collected 2700 from pot
*** SUMMARY ***
Total pot 2700 | No rake
Board: [3d 7d 7h]
Seat 2: manggy94 won 2700


Winamax Poker - Tournament "Freeroll" buyIn: 0€ + 0€ level: 14 - HandId: #715279008752730280-55-1471726803 - Holdem no limit (70/300/600) - 2016/08/20 21:00:03 UTC
Table: 'Freeroll(166538872)#167' 6-max (real money) Seat #4 is the button
Seat 1: Yood44 (22425)
Seat 2: MacPortos (3135)
Seat 3: .fredohard (14145)
Seat 4: Deflex (5678)
Seat 5: sebasto38 (31259)
Seat 6: manggy94 (14206)
*** ANTE/BLINDS ***
sebasto38 posts ante 70
manggy94 posts ante 70
Yood44 posts ante 70
MacPortos posts ante 70
.fredohard posts ante 70
Deflex posts ante 70
sebasto38 posts small blind 300
manggy94 posts big blind 600
Dealt to manggy94 [Qd Js]
*** PRE-FLOP *** 
Yood44 raises 600 to 1200
MacPortos folds
.fredohard calls 1200
Deflex calls 1200
sebasto38 calls 900
manggy94 calls 600
*** FLOP *** [5c 4d 4c]
sebasto38 checks
manggy94 checks
Yood44 bets 600
.fredohard raises 12275 to 12875 and is all-in
Deflex folds
sebasto38 calls 12875
manggy94 folds
Yood44 folds
*** TURN *** [5c 4d 4c][Ac]
*** RIVER *** [5c 4d 4c Ac][9h]
*** SHOW DOWN ***
.fredohard shows [7d 7c] (Two pairs : 7 and 4)
sebasto38 shows [Tc Qc] (Flush Ace high)
sebasto38 collected 32770 from pot
*** SUMMARY ***
Total pot 32770 | No rake
Board: [5c 4d 4c Ac 9h]
Seat 3: .fredohard showed [7d 7c] and lost with Two pairs : 7 and 4
Seat 5: sebasto38 (small blind) showed [Tc Qc] and won 32770 with Flush Ace high


Winamax Poker - Tournament "Freeroll" buyIn: 0€ + 0€ level: 14 - HandId: #715279008752730280-56-1471726871 - Holdem no limit (70/300/600) - 2016/08/20 21:01:11 UTC
Table: 'Freeroll(166538872)#167' 6-max (real money) Seat #5 is the button
Seat 1: Yood44 (20555)
Seat 2: MacPortos (3065)
Seat 4: Deflex (4408)
Seat 5: sebasto38 (49884)
Seat 6: manggy94 (12936)
*** ANTE/BLINDS ***
manggy94 posts ante 70
Yood44 posts ante 70
MacPortos posts ante 70
Deflex posts ante 70
sebasto38 posts ante 70
manggy94 posts small blind 300
Yood44 posts big blind 600
Dealt to manggy94 [Ks Qd]
*** PRE-FLOP *** 
MacPortos folds
Deflex raises 600 to 1200
sebasto38 folds
manggy94 raises 600 to 1800
Yood44 raises 18685 to 20485 and is all-in
Deflex calls 3138 and is all-in
manggy94 calls 11066 and is all-in
*** FLOP *** [Ah 8h 5c]
*** TURN *** [Ah 8h 5c][3h]
*** RIVER *** [Ah 8h 5c 3h][2c]
*** SHOW DOWN ***
Deflex shows [7s 7d] (One pair : 7)
manggy94 shows [Ks Qd] (High card : Ace)
Yood44 shows [As Th] (One pair : Aces)
Yood44 collected 38039 from pot
*** SUMMARY ***
Total pot 38039 | No rake
Board: [Ah 8h 5c 3h 2c]
Seat 1: Yood44 (big blind) showed [As Th] and won 38039 with One pair : Aces
Seat 4: Deflex showed [7s 7d] and lost with One pair : 7
Seat 6: manggy94 (small blind) showed [Ks Qd] and lost with High card : Ace


