Winamax Poker - Tournament "Déglingos" buyIn: 1,80€ + 0,20€ level: 7 - HandId: #661099980588580890-2-1460372017 - Holdem no limit (15/75/150) - 2016/04/11 10:53:37 UTC
Table: 'Déglingos(153924334)#025' 3-max (real money) Seat #2 is the button
Seat 1: manggy94 (500)
Seat 2: crissizi (665)
Seat 3: chrisdsr85 (335)
*** ANTE/BLINDS ***
chrisdsr85 posts ante 15
manggy94 posts ante 15
crissizi posts ante 15
chrisdsr85 posts small blind 75
manggy94 posts big blind 150
Dealt to manggy94 [Qd Qh]
*** PRE-FLOP *** 
crissizi folds
chrisdsr85 folds
manggy94 collected 270 from pot
*** SUMMARY ***
Total pot 270 | No rake
Seat 1: manggy94 (big blind) won 270


Winamax Poker - Tournament "Déglingos" buyIn: 1,80€ + 0,20€ level: 7 - HandId: #661099980588580890-3-1460372029 - Holdem no limit (15/75/150) - 2016/04/11 10:53:49 UTC
Table: 'Déglingos(153924334)#025' 3-max (real money) Seat #1 is the button
Seat 1: manggy94 (605)
Seat 3: chrisdsr85 (245)
*** ANTE/BLINDS ***
manggy94 posts ante 15
chrisdsr85 posts ante 15
manggy94 posts small blind 75
chrisdsr85 posts big blind 150
Dealt to manggy94 [8h Ks]
*** PRE-FLOP *** 
manggy94 raises 440 to 590 and is all-in
chrisdsr85 calls 80 and is all-in
*** FLOP *** [3h 5h 7d]
*** TURN *** [3h 5h 7d][Qh]
*** RIVER *** [3h 5h 7d Qh][3d]
*** SHOW DOWN ***
chrisdsr85 shows [4c Th] (One pair : 3)
manggy94 shows [8h Ks] (One pair : 3)
manggy94 collected 850 from pot
*** SUMMARY ***
Total pot 850 | No rake
Board: [3h 5h 7d Qh 3d]
Seat 1: manggy94 (small blind) (button) showed [8h Ks] and won 850 with One pair : 3
Seat 3: chrisdsr85 (big blind) showed [4c Th] and lost with One pair : 3


Winamax Poker - Tournament "Déglingos" buyIn: 1,80€ + 0,20€ level: 8 - HandId: #661099980588580890-4-1460372048 - Holdem no limit (20/100/200) - 2016/04/11 10:54:08 UTC
Table: 'Déglingos(153924334)#025' 3-max (real money) Seat #3 is the button
Seat 1: manggy94 (850)
Seat 3: crissizi (1150)
*** ANTE/BLINDS ***
crissizi posts ante 20
manggy94 posts ante 20
crissizi posts small blind 100
manggy94 posts big blind 200
Dealt to manggy94 [8c Ah]
*** PRE-FLOP *** 
crissizi calls 100
manggy94 raises 630 to 830 and is all-in
crissizi folds
manggy94 collected 1070 from pot
*** SUMMARY ***
Total pot 1070 | No rake
Seat 1: manggy94 (big blind) won 1070


Winamax Poker - Tournament "Déglingos" buyIn: 1,80€ + 0,20€ level: 8 - HandId: #661099980588580890-5-1460372057 - Holdem no limit (20/100/200) - 2016/04/11 10:54:17 UTC
Table: 'Déglingos(153924334)#025' 3-max (real money) Seat #1 is the button
Seat 1: manggy94 (1070)
Seat 3: crissizi (930)
*** ANTE/BLINDS ***
manggy94 posts ante 20
crissizi posts ante 20
manggy94 posts small blind 100
crissizi posts big blind 200
Dealt to manggy94 [7s 6h]
*** PRE-FLOP *** 
manggy94 calls 100
crissizi checks
*** FLOP *** [5s 2c 4s]
crissizi bets 710 and is all-in
manggy94 folds
crissizi collected 1150 from pot
*** SUMMARY ***
Total pot 1150 | No rake
Board: [5s 2c 4s]
Seat 3: crissizi (big blind) won 1150


Winamax Poker - Tournament "Déglingos" buyIn: 1,80€ + 0,20€ level: 8 - HandId: #661099980588580865-63-1460372070 - Holdem no limit (20/100/200) - 2016/04/11 10:54:30 UTC
Table: 'Déglingos(153924334)#000' 3-max (real money) Seat #3 is the button
Seat 1: kabylifornia (4200)
Seat 2: crissizi (1150)
Seat 3: manggy94 (850)
*** ANTE/BLINDS ***
manggy94 posts ante 20
kabylifornia posts ante 20
manggy94 posts small blind 100
kabylifornia posts big blind 200
Dealt to manggy94 [Kd 3d]
*** PRE-FLOP *** 
manggy94 raises 630 to 830 and is all-in
kabylifornia folds
manggy94 collected 1070 from pot
*** SUMMARY ***
Total pot 1070 | No rake
Seat 3: manggy94 (small blind) (button) won 1070


Winamax Poker - Tournament "Déglingos" buyIn: 1,80€ + 0,20€ level: 8 - HandId: #661099980588580865-64-1460372082 - Holdem no limit (20/100/200) - 2016/04/11 10:54:42 UTC
Table: 'Déglingos(153924334)#000' 3-max (real money) Seat #3 is the button
Seat 1: kabylifornia (3980)
Seat 2: crissizi (1150)
Seat 3: manggy94 (1070)
*** ANTE/BLINDS ***
kabylifornia posts ante 20
crissizi posts ante 20
manggy94 posts ante 20
kabylifornia posts small blind 100
crissizi posts big blind 200
Dealt to manggy94 [4d 3s]
*** PRE-FLOP *** 
manggy94 folds
kabylifornia calls 100
crissizi checks
*** FLOP *** [4c 8c Ac]
kabylifornia bets 200
crissizi calls 200
*** TURN *** [4c 8c Ac][3c]
kabylifornia bets 400
crissizi raises 330 to 730 and is all-in
kabylifornia folds
crissizi collected 1990 from pot
*** SUMMARY ***
Total pot 1990 | No rake
Board: [4c 8c Ac 3c]
Seat 2: crissizi (big blind) won 1990


Winamax Poker - Tournament "Déglingos" buyIn: 1,80€ + 0,20€ level: 8 - HandId: #661099980588580865-65-1460372402 - Holdem no limit (20/100/200) - 2016/04/11 11:00:02 UTC
Table: 'Déglingos(153924334)#000' 3-max (real money) Seat #1 is the button
Seat 1: kabylifornia (3160)
Seat 2: crissizi (1990)
Seat 3: manggy94 (1050)
*** ANTE/BLINDS ***
crissizi posts ante 20
manggy94 posts ante 20
kabylifornia posts ante 20
crissizi posts small blind 100
manggy94 posts big blind 200
Dealt to manggy94 [9s 6s]
*** PRE-FLOP *** 
kabylifornia folds
crissizi calls 100
manggy94 checks
*** FLOP *** [9d 7d Ks]
crissizi checks
manggy94 checks
*** TURN *** [9d 7d Ks][Ac]
crissizi checks
manggy94 checks
*** RIVER *** [9d 7d Ks Ac][5h]
crissizi checks
manggy94 checks
*** SHOW DOWN ***
crissizi shows [6h Th] (High card : Ace)
manggy94 shows [9s 6s] (One pair : 9)
manggy94 collected 460 from pot
*** SUMMARY ***
Total pot 460 | No rake
Board: [9d 7d Ks Ac 5h]
Seat 2: crissizi (small blind) showed [6h Th] and lost with High card : Ace
Seat 3: manggy94 (big blind) showed [9s 6s] and won 460 with One pair : 9


Winamax Poker - Tournament "Déglingos" buyIn: 1,80€ + 0,20€ level: 8 - HandId: #661099980588580865-66-1460372469 - Holdem no limit (20/100/200) - 2016/04/11 11:01:09 UTC
Table: 'Déglingos(153924334)#000' 3-max (real money) Seat #2 is the button
Seat 1: kabylifornia (3140)
Seat 2: crissizi (1770)
Seat 3: manggy94 (1290)
*** ANTE/BLINDS ***
manggy94 posts ante 20
kabylifornia posts ante 20
crissizi posts ante 20
manggy94 posts small blind 100
kabylifornia posts big blind 200
Dealt to manggy94 [Js 4s]
*** PRE-FLOP *** 
crissizi calls 200
manggy94 calls 100
kabylifornia raises 200 to 400
crissizi calls 200
manggy94 calls 200
*** FLOP *** [6d Td Qs]
manggy94 checks
kabylifornia checks
crissizi checks
*** TURN *** [6d Td Qs][Ts]
manggy94 checks
kabylifornia bets 200
crissizi calls 200
manggy94 calls 200
*** RIVER *** [6d Td Qs Ts][3s]
manggy94 bets 670 and is all-in
kabylifornia folds
crissizi calls 670
*** SHOW DOWN ***
crissizi shows [8s 9s] (Flush Queen high)
manggy94 shows [Js 4s] (Flush Queen high)
manggy94 collected 3200 from pot
*** SUMMARY ***
Total pot 3200 | No rake
Board: [6d Td Qs Ts 3s]
Seat 2: crissizi (button) showed [8s 9s] and lost with Flush Queen high
Seat 3: manggy94 (small blind) showed [Js 4s] and won 3200 with Flush Queen high


Winamax Poker - Tournament "Déglingos" buyIn: 1,80€ + 0,20€ level: 9 - HandId: #661099980588580865-67-1460372576 - Holdem no limit (25/125/250) - 2016/04/11 11:02:56 UTC
Table: 'Déglingos(153924334)#000' 3-max (real money) Seat #3 is the button
Seat 1: kabylifornia (2520)
Seat 2: crissizi (480)
Seat 3: manggy94 (3200)
*** ANTE/BLINDS ***
kabylifornia posts ante 25
crissizi posts ante 25
manggy94 posts ante 25
kabylifornia posts small blind 125
crissizi posts big blind 250
Dealt to manggy94 [Tc 7d]
*** PRE-FLOP *** 
manggy94 folds
kabylifornia calls 125
crissizi raises 205 to 455 and is all-in
kabylifornia calls 205
*** FLOP *** [Kh 3s Qs]
*** TURN *** [Kh 3s Qs][2h]
*** RIVER *** [Kh 3s Qs 2h][2s]
*** SHOW DOWN ***
crissizi shows [Js 9h] (One pair : 2)
kabylifornia shows [Ad Ac] (Two pairs : Aces and 2)
kabylifornia collected 985 from pot
*** SUMMARY ***
Total pot 985 | No rake
Board: [Kh 3s Qs 2h 2s]
Seat 1: kabylifornia (small blind) showed [Ad Ac] and won 985 with Two pairs : Aces and 2
Seat 2: crissizi (big blind) showed [Js 9h] and lost with One pair : 2


Winamax Poker - Tournament "Déglingos" buyIn: 1,80€ + 0,20€ level: 9 - HandId: #661099980588580865-68-1460372596 - Holdem no limit (25/125/250) - 2016/04/11 11:03:16 UTC
Table: 'Déglingos(153924334)#000' 3-max (real money) Seat #3 is the button
Seat 1: kabylifornia (3025)
Seat 3: manggy94 (3175)
*** ANTE/BLINDS ***
manggy94 posts ante 25
kabylifornia posts ante 25
manggy94 posts small blind 125
kabylifornia posts big blind 250
Dealt to manggy94 [8s Qd]
*** PRE-FLOP *** 
manggy94 calls 125
kabylifornia checks
*** FLOP *** [Jh Kc 8d]
kabylifornia bets 250
manggy94 calls 250
*** TURN *** [Jh Kc 8d][6h]
kabylifornia checks
manggy94 checks
*** RIVER *** [Jh Kc 8d 6h][Kd]
kabylifornia checks
manggy94 bets 1050
kabylifornia folds
manggy94 collected 2100 from pot
*** SUMMARY ***
Total pot 2100 | No rake
Board: [Jh Kc 8d 6h Kd]
Seat 3: manggy94 (small blind) (button) won 2100


Winamax Poker - Tournament "Déglingos" buyIn: 1,80€ + 0,20€ level: 9 - HandId: #661099980588580865-69-1460372675 - Holdem no limit (25/125/250) - 2016/04/11 11:04:35 UTC
Table: 'Déglingos(153924334)#000' 3-max (real money) Seat #3 is the button
Seat 1: kabylifornia (2500)
Seat 2: Magic_Moumou (575)
Seat 3: manggy94 (3700)
*** ANTE/BLINDS ***
kabylifornia posts ante 25
Magic_Moumou posts ante 25
manggy94 posts ante 25
kabylifornia posts small blind 125
Magic_Moumou posts big blind 250
Dealt to manggy94 [9d 6d]
*** PRE-FLOP *** 
manggy94 folds
kabylifornia calls 125
Magic_Moumou checks
*** FLOP *** [Qh Ad 8h]
kabylifornia bets 250
Magic_Moumou calls 250
*** TURN *** [Qh Ad 8h][5s]
kabylifornia bets 250
Magic_Moumou calls 50 and is all-in
*** RIVER *** [Qh Ad 8h 5s][9c]
*** SHOW DOWN ***
Magic_Moumou shows [Qd 3c] (One pair : Queens)
kabylifornia shows [6c Tc] (High card : Ace)
kabylifornia collected 200 from side pot 1
Magic_Moumou collected 1175 from main pot
*** SUMMARY ***
Total pot 1375 | No rake
Board: [Qh Ad 8h 5s 9c]
Seat 1: kabylifornia (small blind) showed [6c Tc] and won 200 with High card : Ace
Seat 2: Magic_Moumou (big blind) showed [Qd 3c] and won 1175 with One pair : Queens


Winamax Poker - Tournament "Déglingos" buyIn: 1,80€ + 0,20€ level: 10 - HandId: #661099980588580865-70-1460372751 - Holdem no limit (35/150/300) - 2016/04/11 11:05:51 UTC
Table: 'Déglingos(153924334)#000' 3-max (real money) Seat #1 is the button
Seat 1: kabylifornia (1925)
Seat 2: Magic_Moumou (1175)
Seat 3: manggy94 (3675)
*** ANTE/BLINDS ***
Magic_Moumou posts ante 35
manggy94 posts ante 35
kabylifornia posts ante 35
Magic_Moumou posts small blind 150
manggy94 posts big blind 300
Dealt to manggy94 [As 2s]
*** PRE-FLOP *** 
kabylifornia calls 300
Magic_Moumou calls 150
manggy94 checks
*** FLOP *** [Kc 5s 6s]
Magic_Moumou checks
manggy94 bets 1005
kabylifornia raises 585 to 1590 and is all-in
Magic_Moumou calls 840 and is all-in
manggy94 calls 585
*** TURN *** [Kc 5s 6s][9c]
*** RIVER *** [Kc 5s 6s 9c][6d]
*** SHOW DOWN ***
Magic_Moumou shows [3s Js] (One pair : 6)
manggy94 shows [As 2s] (One pair : 6)
kabylifornia shows [6c 5c] (Full of 6 and 5)
kabylifornia collected 5025 from pot
*** SUMMARY ***
Total pot 5025 | No rake
Board: [Kc 5s 6s 9c 6d]
Seat 1: kabylifornia (button) showed [6c 5c] and won 5025 with Full of 6 and 5
Seat 2: Magic_Moumou (small blind) showed [3s Js] and lost with One pair : 6
Seat 3: manggy94 (big blind) showed [As 2s] and lost with One pair : 6


Winamax Poker - Tournament "Déglingos" buyIn: 1,80€ + 0,20€ level: 10 - HandId: #661099980588580865-71-1460372854 - Holdem no limit (35/150/300) - 2016/04/11 11:07:34 UTC
Table: 'Déglingos(153924334)#000' 3-max (real money) Seat #3 is the button
Seat 1: kabylifornia (5025)
Seat 3: manggy94 (1750)
*** ANTE/BLINDS ***
manggy94 posts ante 35
kabylifornia posts ante 35
manggy94 posts small blind 150
kabylifornia posts big blind 300
Dealt to manggy94 [5c 3d]
*** PRE-FLOP *** 
manggy94 calls 150
kabylifornia checks
*** FLOP *** [9d 3c Ks]
kabylifornia checks
manggy94 checks
*** TURN *** [9d 3c Ks][4c]
kabylifornia checks
manggy94 checks
*** RIVER *** [9d 3c Ks 4c][6h]
kabylifornia bets 300
manggy94 calls 300
*** SHOW DOWN ***
kabylifornia shows [Ah 2s] (High card : Ace)
manggy94 shows [5c 3d] (One pair : 3)
manggy94 collected 1270 from pot
*** SUMMARY ***
Total pot 1270 | No rake
Board: [9d 3c Ks 4c 6h]
Seat 1: kabylifornia (big blind) showed [Ah 2s] and lost with High card : Ace
Seat 3: manggy94 (small blind) (button) showed [5c 3d] and won 1270 with One pair : 3


Winamax Poker - Tournament "Déglingos" buyIn: 1,80€ + 0,20€ level: 11 - HandId: #661099980588580865-72-1460372885 - Holdem no limit (40/200/400) - 2016/04/11 11:08:05 UTC
Table: 'Déglingos(153924334)#000' 3-max (real money) Seat #3 is the button
Seat 1: kabylifornia (4390)
Seat 2: dxmvp (3953)
Seat 3: manggy94 (2385)
*** ANTE/BLINDS ***
kabylifornia posts ante 40
dxmvp posts ante 40
manggy94 posts ante 40
kabylifornia posts small blind 200
dxmvp posts big blind 400
Dealt to manggy94 [2d 8h]
*** PRE-FLOP *** 
manggy94 folds
kabylifornia calls 200
dxmvp raises 600 to 1000
kabylifornia calls 600
*** FLOP *** [Jh As Ts]
kabylifornia bets 400
dxmvp calls 400
*** TURN *** [Jh As Ts][8c]
kabylifornia bets 600
dxmvp folds
kabylifornia collected 3520 from pot
*** SUMMARY ***
Total pot 3520 | No rake
Board: [Jh As Ts 8c]
Seat 1: kabylifornia (small blind) won 3520


Winamax Poker - Tournament "Déglingos" buyIn: 1,80€ + 0,20€ level: 11 - HandId: #661099980588580865-73-1460372944 - Holdem no limit (40/200/400) - 2016/04/11 11:09:04 UTC
Table: 'Déglingos(153924334)#000' 3-max (real money) Seat #1 is the button
Seat 1: kabylifornia (5870)
Seat 2: dxmvp (2513)
Seat 3: manggy94 (2345)
*** ANTE/BLINDS ***
dxmvp posts ante 40
manggy94 posts ante 40
kabylifornia posts ante 40
dxmvp posts small blind 200
manggy94 posts big blind 400
Dealt to manggy94 [Qs 8c]
*** PRE-FLOP *** 
kabylifornia folds
dxmvp raises 2073 to 2473 and is all-in
manggy94 folds
dxmvp collected 2993 from pot
*** SUMMARY ***
Total pot 2993 | No rake
Seat 2: dxmvp (small blind) won 2993


Winamax Poker - Tournament "Déglingos" buyIn: 1,80€ + 0,20€ level: 11 - HandId: #661099980588580865-74-1460372978 - Holdem no limit (40/200/400) - 2016/04/11 11:09:38 UTC
Table: 'Déglingos(153924334)#000' 3-max (real money) Seat #2 is the button
Seat 1: kabylifornia (5830)
Seat 2: dxmvp (2993)
Seat 3: manggy94 (1905)
*** ANTE/BLINDS ***
manggy94 posts ante 40
kabylifornia posts ante 40
dxmvp posts ante 40
manggy94 posts small blind 200
kabylifornia posts big blind 400
Dealt to manggy94 [2c 6h]
*** PRE-FLOP *** 
dxmvp folds
manggy94 folds
kabylifornia collected 720 from pot
*** SUMMARY ***
Total pot 720 | No rake
Seat 1: kabylifornia (big blind) won 720


Winamax Poker - Tournament "Déglingos" buyIn: 1,80€ + 0,20€ level: 11 - HandId: #661099980588580865-75-1460372990 - Holdem no limit (40/200/400) - 2016/04/11 11:09:50 UTC
Table: 'Déglingos(153924334)#000' 3-max (real money) Seat #3 is the button
Seat 1: kabylifornia (6110)
Seat 2: dxmvp (2953)
Seat 3: manggy94 (1665)
*** ANTE/BLINDS ***
kabylifornia posts ante 40
dxmvp posts ante 40
manggy94 posts ante 40
kabylifornia posts small blind 200
dxmvp posts big blind 400
Dealt to manggy94 [4d Kd]
*** PRE-FLOP *** 
manggy94 calls 400
kabylifornia calls 200
dxmvp checks
*** FLOP *** [Qc 6c 7d]
kabylifornia checks
dxmvp checks
manggy94 checks
*** TURN *** [Qc 6c 7d][2c]
kabylifornia bets 400
dxmvp folds
manggy94 folds
kabylifornia collected 1720 from pot
*** SUMMARY ***
Total pot 1720 | No rake
Board: [Qc 6c 7d 2c]
Seat 1: kabylifornia (small blind) won 1720


Winamax Poker - Tournament "Déglingos" buyIn: 1,80€ + 0,20€ level: 11 - HandId: #661099980588580865-76-1460373013 - Holdem no limit (40/200/400) - 2016/04/11 11:10:13 UTC
Table: 'Déglingos(153924334)#000' 3-max (real money) Seat #1 is the button
Seat 1: kabylifornia (6990)
Seat 2: dxmvp (2513)
Seat 3: manggy94 (1225)
*** ANTE/BLINDS ***
dxmvp posts ante 40
manggy94 posts ante 40
kabylifornia posts ante 40
dxmvp posts small blind 200
manggy94 posts big blind 400
Dealt to manggy94 [5c 8d]
*** PRE-FLOP *** 
kabylifornia folds
dxmvp folds
manggy94 collected 720 from pot
*** SUMMARY ***
Total pot 720 | No rake
Seat 3: manggy94 (big blind) won 720


Winamax Poker - Tournament "Déglingos" buyIn: 1,80€ + 0,20€ level: 11 - HandId: #661099980588580865-77-1460373021 - Holdem no limit (40/200/400) - 2016/04/11 11:10:21 UTC
Table: 'Déglingos(153924334)#000' 3-max (real money) Seat #2 is the button
Seat 1: kabylifornia (6950)
Seat 2: dxmvp (2273)
Seat 3: manggy94 (1505)
*** ANTE/BLINDS ***
manggy94 posts ante 40
kabylifornia posts ante 40
dxmvp posts ante 40
manggy94 posts small blind 200
kabylifornia posts big blind 400
Dealt to manggy94 [7c 7s]
*** PRE-FLOP *** 
dxmvp folds
manggy94 raises 1065 to 1465 and is all-in
kabylifornia calls 1065
*** FLOP *** [3s 9h 6d]
*** TURN *** [3s 9h 6d][Ks]
*** RIVER *** [3s 9h 6d Ks][Qs]
*** SHOW DOWN ***
kabylifornia shows [8c As] (High card : Ace)
manggy94 shows [7c 7s] (One pair : 7)
manggy94 collected 3050 from pot
*** SUMMARY ***
Total pot 3050 | No rake
Board: [3s 9h 6d Ks Qs]
Seat 1: kabylifornia (big blind) showed [8c As] and lost with High card : Ace
Seat 3: manggy94 (small blind) showed [7c 7s] and won 3050 with One pair : 7


Winamax Poker - Tournament "Déglingos" buyIn: 1,80€ + 0,20€ level: 11 - HandId: #661099980588580865-78-1460373039 - Holdem no limit (40/200/400) - 2016/04/11 11:10:39 UTC
Table: 'Déglingos(153924334)#000' 3-max (real money) Seat #3 is the button
Seat 1: kabylifornia (5445)
Seat 2: dxmvp (2233)
Seat 3: manggy94 (3050)
*** ANTE/BLINDS ***
kabylifornia posts ante 40
dxmvp posts ante 40
manggy94 posts ante 40
kabylifornia posts small blind 200
dxmvp posts big blind 400
Dealt to manggy94 [9h Ac]
*** PRE-FLOP *** 
manggy94 raises 2610 to 3010 and is all-in
kabylifornia folds
dxmvp folds
manggy94 collected 3730 from pot
*** SUMMARY ***
Total pot 3730 | No rake
Seat 3: manggy94 (button) won 3730


Winamax Poker - Tournament "Déglingos" buyIn: 1,80€ + 0,20€ level: 11 - HandId: #661099980588580865-79-1460373057 - Holdem no limit (40/200/400) - 2016/04/11 11:10:57 UTC
Table: 'Déglingos(153924334)#000' 3-max (real money) Seat #1 is the button
Seat 1: kabylifornia (5205)
Seat 2: dxmvp (1793)
Seat 3: manggy94 (3730)
*** ANTE/BLINDS ***
dxmvp posts ante 40
manggy94 posts ante 40
kabylifornia posts ante 40
dxmvp posts small blind 200
manggy94 posts big blind 400
Dealt to manggy94 [Jd 8s]
*** PRE-FLOP *** 
kabylifornia folds
dxmvp raises 1353 to 1753 and is all-in
manggy94 folds
dxmvp collected 2273 from pot
*** SUMMARY ***
Total pot 2273 | No rake
Seat 2: dxmvp (small blind) won 2273


Winamax Poker - Tournament "Déglingos" buyIn: 1,80€ + 0,20€ level: 12 - HandId: #661099980588580865-80-1460373075 - Holdem no limit (50/250/500) - 2016/04/11 11:11:15 UTC
Table: 'Déglingos(153924334)#000' 3-max (real money) Seat #2 is the button
Seat 1: kabylifornia (5165)
Seat 2: dxmvp (2273)
Seat 3: manggy94 (3290)
*** ANTE/BLINDS ***
manggy94 posts ante 50
kabylifornia posts ante 50
dxmvp posts ante 50
manggy94 posts small blind 250
kabylifornia posts big blind 500
Dealt to manggy94 [Jc Tc]
*** PRE-FLOP *** 
dxmvp raises 1723 to 2223 and is all-in
manggy94 folds
kabylifornia folds
dxmvp collected 3123 from pot
*** SUMMARY ***
Total pot 3123 | No rake
Seat 2: dxmvp (button) won 3123


Winamax Poker - Tournament "Déglingos" buyIn: 1,80€ + 0,20€ level: 12 - HandId: #661099980588580865-81-1460373089 - Holdem no limit (50/250/500) - 2016/04/11 11:11:29 UTC
Table: 'Déglingos(153924334)#000' 3-max (real money) Seat #3 is the button
Seat 1: kabylifornia (4615)
Seat 2: dxmvp (3123)
Seat 3: manggy94 (2990)
*** ANTE/BLINDS ***
kabylifornia posts ante 50
dxmvp posts ante 50
manggy94 posts ante 50
kabylifornia posts small blind 250
dxmvp posts big blind 500
Dealt to manggy94 [Js Qs]
*** PRE-FLOP *** 
manggy94 raises 1400 to 1900
kabylifornia folds
dxmvp raises 1173 to 3073 and is all-in
manggy94 calls 1040 and is all-in
*** FLOP *** [Qh 3d Ts]
*** TURN *** [Qh 3d Ts][2c]
*** RIVER *** [Qh 3d Ts 2c][8d]
*** SHOW DOWN ***
manggy94 shows [Js Qs] (One pair : Queens)
dxmvp shows [Ad Tc] (One pair : Tens)
dxmvp collected 133 from side pot 1
manggy94 collected 6280 from main pot
*** SUMMARY ***
Total pot 6413 | No rake
Board: [Qh 3d Ts 2c 8d]
Seat 2: dxmvp (big blind) showed [Ad Tc] and won 133 with One pair : Tens
Seat 3: manggy94 (button) showed [Js Qs] and won 6280 with One pair : Queens


Winamax Poker - Tournament "Déglingos" buyIn: 1,80€ + 0,20€ level: 12 - HandId: #661099980588580865-82-1460373114 - Holdem no limit (50/250/500) - 2016/04/11 11:11:54 UTC
Table: 'Déglingos(153924334)#000' 3-max (real money) Seat #1 is the button
Seat 1: kabylifornia (4315)
Seat 2: dxmvp (133)
Seat 3: manggy94 (6280)
*** ANTE/BLINDS ***
dxmvp posts ante 50
manggy94 posts ante 50
kabylifornia posts ante 50
dxmvp posts small blind 83 and is all-in
manggy94 posts big blind 500
Dealt to manggy94 [2c 6c]
*** PRE-FLOP *** 
kabylifornia folds
*** FLOP *** [8s Jh 6d]
*** TURN *** [8s Jh 6d][2d]
*** RIVER *** [8s Jh 6d 2d][8c]
*** SHOW DOWN ***
dxmvp shows [As Qs] (One pair : 8)
manggy94 shows [2c 6c] (Two pairs : 8 and 6)
manggy94 collected 733 from pot
*** SUMMARY ***
Total pot 733 | No rake
Board: [8s Jh 6d 2d 8c]
Seat 2: dxmvp (small blind) showed [As Qs] and lost with One pair : 8
Seat 3: manggy94 (big blind) showed [2c 6c] and won 733 with Two pairs : 8 and 6


Winamax Poker - Tournament "Déglingos" buyIn: 1,80€ + 0,20€ level: 12 - HandId: #661099980588580865-83-1460373129 - Holdem no limit (50/250/500) - 2016/04/11 11:12:09 UTC
Table: 'Déglingos(153924334)#000' 3-max (real money) Seat #3 is the button
Seat 1: kabylifornia (4265)
Seat 3: manggy94 (6463)
*** ANTE/BLINDS ***
manggy94 posts ante 50
kabylifornia posts ante 50
manggy94 posts small blind 250
kabylifornia posts big blind 500
Dealt to manggy94 [Th 8s]
*** PRE-FLOP *** 
manggy94 folds
kabylifornia collected 850 from pot
*** SUMMARY ***
Total pot 850 | No rake
Seat 1: kabylifornia (big blind) won 850


Winamax Poker - Tournament "Déglingos" buyIn: 1,80€ + 0,20€ level: 12 - HandId: #661099980588580865-84-1460373137 - Holdem no limit (50/250/500) - 2016/04/11 11:12:17 UTC
Table: 'Déglingos(153924334)#000' 3-max (real money) Seat #1 is the button
Seat 1: kabylifornia (4565)
Seat 3: manggy94 (6163)
*** ANTE/BLINDS ***
kabylifornia posts ante 50
manggy94 posts ante 50
kabylifornia posts small blind 250
manggy94 posts big blind 500
Dealt to manggy94 [Kh Ah]
*** PRE-FLOP *** 
kabylifornia folds
manggy94 collected 850 from pot
*** SUMMARY ***
Total pot 850 | No rake
Seat 3: manggy94 (big blind) won 850


Winamax Poker - Tournament "Déglingos" buyIn: 1,80€ + 0,20€ level: 12 - HandId: #661099980588580865-85-1460373147 - Holdem no limit (50/250/500) - 2016/04/11 11:12:27 UTC
Table: 'Déglingos(153924334)#000' 3-max (real money) Seat #3 is the button
Seat 1: kabylifornia (4265)
Seat 3: manggy94 (6463)
*** ANTE/BLINDS ***
manggy94 posts ante 50
kabylifornia posts ante 50
manggy94 posts small blind 250
kabylifornia posts big blind 500
Dealt to manggy94 [7d Ac]
*** PRE-FLOP *** 
manggy94 raises 500 to 1000
kabylifornia raises 3215 to 4215 and is all-in
manggy94 calls 3215
*** FLOP *** [5c Tc 7s]
*** TURN *** [5c Tc 7s][Ah]
*** RIVER *** [5c Tc 7s Ah][7h]
*** SHOW DOWN ***
kabylifornia shows [5h Qh] (Two pairs : 7 and 5)
manggy94 shows [7d Ac] (Full of 7 and Aces)
manggy94 collected 8530 from pot
*** SUMMARY ***
Total pot 8530 | No rake
Board: [5c Tc 7s Ah 7h]
Seat 1: kabylifornia (big blind) showed [5h Qh] and lost with Two pairs : 7 and 5
Seat 3: manggy94 (small blind) (button) showed [7d Ac] and won 8530 with Full of 7 and Aces


Winamax Poker - Tournament "Déglingos" buyIn: 1,80€ + 0,20€ level: 12 - HandId: #661099980588580865-86-1460373180 - Holdem no limit (50/250/500) - 2016/04/11 11:13:00 UTC
Table: 'Déglingos(153924334)#000' 3-max (real money) Seat #2 is the button
Seat 2: Rougeot71 (1950)
Seat 3: manggy94 (10728)
*** ANTE/BLINDS ***
Rougeot71 posts ante 50
manggy94 posts ante 50
Rougeot71 posts small blind 250
manggy94 posts big blind 500
Dealt to manggy94 [9c 6c]
*** PRE-FLOP *** 
Rougeot71 raises 500 to 1000
manggy94 calls 500
*** FLOP *** [Ah 7d 7c]
manggy94 checks
Rougeot71 bets 900 and is all-in
manggy94 folds
Rougeot71 collected 3000 from pot
*** SUMMARY ***
Total pot 3000 | No rake
Board: [Ah 7d 7c]
Seat 2: Rougeot71 (small blind) (button) won 3000


Winamax Poker - Tournament "Déglingos" buyIn: 1,80€ + 0,20€ level: 12 - HandId: #661099980588580865-87-1460373196 - Holdem no limit (50/250/500) - 2016/04/11 11:13:16 UTC
Table: 'Déglingos(153924334)#000' 3-max (real money) Seat #3 is the button
Seat 2: Rougeot71 (3000)
Seat 3: manggy94 (9678)
*** ANTE/BLINDS ***
manggy94 posts ante 50
Rougeot71 posts ante 50
manggy94 posts small blind 250
Rougeot71 posts big blind 500
Dealt to manggy94 [4h Jc]
*** PRE-FLOP *** 
manggy94 folds
Rougeot71 collected 850 from pot
*** SUMMARY ***
Total pot 850 | No rake
Seat 2: Rougeot71 (big blind) won 850


Winamax Poker - Tournament "Déglingos" buyIn: 1,80€ + 0,20€ level: 12 - HandId: #661099980588580865-88-1460373200 - Holdem no limit (50/250/500) - 2016/04/11 11:13:20 UTC
Table: 'Déglingos(153924334)#000' 3-max (real money) Seat #2 is the button
Seat 2: Rougeot71 (3300)
Seat 3: manggy94 (9378)
*** ANTE/BLINDS ***
Rougeot71 posts ante 50
manggy94 posts ante 50
Rougeot71 posts small blind 250
manggy94 posts big blind 500
Dealt to manggy94 [Qs 3h]
*** PRE-FLOP *** 
Rougeot71 folds
manggy94 collected 850 from pot
*** SUMMARY ***
Total pot 850 | No rake
Seat 3: manggy94 (big blind) won 850


Winamax Poker - Tournament "Déglingos" buyIn: 1,80€ + 0,20€ level: 12 - HandId: #661099980588580865-89-1460373220 - Holdem no limit (50/250/500) - 2016/04/11 11:13:40 UTC
Table: 'Déglingos(153924334)#000' 3-max (real money) Seat #3 is the button
Seat 2: Rougeot71 (3000)
Seat 3: manggy94 (9678)
*** ANTE/BLINDS ***
manggy94 posts ante 50
Rougeot71 posts ante 50
manggy94 posts small blind 250
Rougeot71 posts big blind 500
Dealt to manggy94 [4d 5d]
*** PRE-FLOP *** 
manggy94 raises 500 to 1000
Rougeot71 folds
manggy94 collected 1600 from pot
*** SUMMARY ***
Total pot 1600 | No rake
Seat 3: manggy94 (small blind) (button) won 1600


Winamax Poker - Tournament "Déglingos" buyIn: 1,80€ + 0,20€ level: 13 - HandId: #661099980588580865-90-1460373251 - Holdem no limit (70/300/600) - 2016/04/11 11:14:11 UTC
Table: 'Déglingos(153924334)#000' 3-max (real money) Seat #2 is the button
Seat 2: Rougeot71 (2450)
Seat 3: manggy94 (10228)
*** ANTE/BLINDS ***
Rougeot71 posts ante 70
manggy94 posts ante 70
Rougeot71 posts small blind 300
manggy94 posts big blind 600
Dealt to manggy94 [Ad Jh]
*** PRE-FLOP *** 
Rougeot71 folds
manggy94 collected 1040 from pot
*** SUMMARY ***
Total pot 1040 | No rake
Seat 3: manggy94 (big blind) won 1040


Winamax Poker - Tournament "Déglingos" buyIn: 1,80€ + 0,20€ level: 13 - HandId: #661099980588580865-91-1460373272 - Holdem no limit (70/300/600) - 2016/04/11 11:14:32 UTC
Table: 'Déglingos(153924334)#000' 3-max (real money) Seat #3 is the button
Seat 2: Rougeot71 (2080)
Seat 3: manggy94 (10598)
*** ANTE/BLINDS ***
manggy94 posts ante 70
Rougeot71 posts ante 70
manggy94 posts small blind 300
Rougeot71 posts big blind 600
Dealt to manggy94 [8d 4h]
*** PRE-FLOP *** 
manggy94 folds
Rougeot71 collected 1040 from pot
*** SUMMARY ***
Total pot 1040 | No rake
Seat 2: Rougeot71 (big blind) won 1040


Winamax Poker - Tournament "Déglingos" buyIn: 1,80€ + 0,20€ level: 13 - HandId: #661099980588580865-92-1460373295 - Holdem no limit (70/300/600) - 2016/04/11 11:14:55 UTC
Table: 'Déglingos(153924334)#000' 3-max (real money) Seat #3 is the button
Seat 1: Akrapovitch (3695)
Seat 2: rijet (3305)
Seat 3: manggy94 (10228)
*** ANTE/BLINDS ***
rijet posts ante 70
manggy94 posts ante 70
rijet posts small blind 300
manggy94 posts big blind 600
Dealt to manggy94 [2s Qh]
*** PRE-FLOP *** 
rijet folds
manggy94 collected 1040 from pot
*** SUMMARY ***
Total pot 1040 | No rake
Seat 3: manggy94 (big blind) (button) won 1040


Winamax Poker - Tournament "Déglingos" buyIn: 1,80€ + 0,20€ level: 13 - HandId: #661099980588580865-93-1460373301 - Holdem no limit (70/300/600) - 2016/04/11 11:15:01 UTC
Table: 'Déglingos(153924334)#000' 3-max (real money) Seat #2 is the button
Seat 1: Akrapovitch (3695)
Seat 2: rijet (2935)
Seat 3: manggy94 (10598)
*** ANTE/BLINDS ***
manggy94 posts ante 70
Akrapovitch posts ante 70
rijet posts ante 70
manggy94 posts small blind 300
Akrapovitch posts big blind 600
Dealt to manggy94 [7h Tc]
*** PRE-FLOP *** 
rijet folds
manggy94 folds
Akrapovitch collected 1110 from pot
*** SUMMARY ***
Total pot 1110 | No rake
Seat 1: Akrapovitch (big blind) won 1110


Winamax Poker - Tournament "Déglingos" buyIn: 1,80€ + 0,20€ level: 13 - HandId: #661099980588580865-94-1460373309 - Holdem no limit (70/300/600) - 2016/04/11 11:15:09 UTC
Table: 'Déglingos(153924334)#000' 3-max (real money) Seat #3 is the button
Seat 1: Akrapovitch (4135)
Seat 2: rijet (2865)
Seat 3: manggy94 (10228)
*** ANTE/BLINDS ***
Akrapovitch posts ante 70
rijet posts ante 70
manggy94 posts ante 70
Akrapovitch posts small blind 300
rijet posts big blind 600
Dealt to manggy94 [8s 3h]
*** PRE-FLOP *** 
manggy94 folds
Akrapovitch folds
rijet collected 1110 from pot
*** SUMMARY ***
Total pot 1110 | No rake
Seat 2: rijet (big blind) won 1110


Winamax Poker - Tournament "Déglingos" buyIn: 1,80€ + 0,20€ level: 13 - HandId: #661099980588580865-95-1460373317 - Holdem no limit (70/300/600) - 2016/04/11 11:15:17 UTC
Table: 'Déglingos(153924334)#000' 3-max (real money) Seat #1 is the button
Seat 1: Akrapovitch (3765)
Seat 2: rijet (3305)
Seat 3: manggy94 (10158)
*** ANTE/BLINDS ***
rijet posts ante 70
manggy94 posts ante 70
Akrapovitch posts ante 70
rijet posts small blind 300
manggy94 posts big blind 600
Dealt to manggy94 [6d Js]
*** PRE-FLOP *** 
Akrapovitch folds
rijet folds
manggy94 collected 1110 from pot
*** SUMMARY ***
Total pot 1110 | No rake
Seat 3: manggy94 (big blind) won 1110


Winamax Poker - Tournament "Déglingos" buyIn: 1,80€ + 0,20€ level: 13 - HandId: #661099980588580865-96-1460373345 - Holdem no limit (70/300/600) - 2016/04/11 11:15:45 UTC
Table: 'Déglingos(153924334)#000' 3-max (real money) Seat #2 is the button
Seat 1: Akrapovitch (3695)
Seat 2: rijet (2935)
Seat 3: manggy94 (10598)
*** ANTE/BLINDS ***
manggy94 posts ante 70
Akrapovitch posts ante 70
rijet posts ante 70
manggy94 posts small blind 300
Akrapovitch posts big blind 600
Dealt to manggy94 [7c Kd]
*** PRE-FLOP *** 
rijet raises 600 to 1200
manggy94 calls 900
Akrapovitch calls 600
*** FLOP *** [6c 7d 8d]
manggy94 bets 3810
Akrapovitch folds
rijet folds
manggy94 collected 7620 from pot
*** SUMMARY ***
Total pot 7620 | No rake
Board: [6c 7d 8d]
Seat 3: manggy94 (small blind) won 7620


Winamax Poker - Tournament "Déglingos" buyIn: 1,80€ + 0,20€ level: 13 - HandId: #661099980588580865-97-1460373393 - Holdem no limit (70/300/600) - 2016/04/11 11:16:33 UTC
Table: 'Déglingos(153924334)#000' 3-max (real money) Seat #3 is the button
Seat 1: Akrapovitch (2425)
Seat 2: rijet (1665)
Seat 3: manggy94 (13138)
*** ANTE/BLINDS ***
Akrapovitch posts ante 70
rijet posts ante 70
manggy94 posts ante 70
Akrapovitch posts small blind 300
rijet posts big blind 600
Dealt to manggy94 [3d 6h]
*** PRE-FLOP *** 
manggy94 folds
Akrapovitch raises 1755 to 2355 and is all-in
rijet calls 995 and is all-in
*** FLOP *** [Kh 8h 2s]
*** TURN *** [Kh 8h 2s][4c]
*** RIVER *** [Kh 8h 2s 4c][Jc]
*** SHOW DOWN ***
rijet shows [8d 9h] (One pair : 8)
Akrapovitch shows [8s 3s] (One pair : 8)
Akrapovitch collected 760 from side pot 1
rijet collected 3400 from main pot
*** SUMMARY ***
Total pot 4160 | No rake
Board: [Kh 8h 2s 4c Jc]
Seat 1: Akrapovitch (small blind) showed [8s 3s] and won 760 with One pair : 8
Seat 2: rijet (big blind) showed [8d 9h] and won 3400 with One pair : 8


Winamax Poker - Tournament "Déglingos" buyIn: 1,80€ + 0,20€ level: 13 - HandId: #661099980588580865-98-1460373408 - Holdem no limit (70/300/600) - 2016/04/11 11:16:48 UTC
Table: 'Déglingos(153924334)#000' 3-max (real money) Seat #1 is the button
Seat 1: Akrapovitch (760)
Seat 2: rijet (3400)
Seat 3: manggy94 (13068)
*** ANTE/BLINDS ***
rijet posts ante 70
manggy94 posts ante 70
Akrapovitch posts ante 70
rijet posts small blind 300
manggy94 posts big blind 600
Dealt to manggy94 [2c Ts]
*** PRE-FLOP *** 
Akrapovitch raises 90 to 690 and is all-in
rijet raises 2640 to 3330 and is all-in
manggy94 folds
*** FLOP *** [Jd 2h 5s]
*** TURN *** [Jd 2h 5s][Qh]
*** RIVER *** [Jd 2h 5s Qh][Ad]
*** SHOW DOWN ***
Akrapovitch shows [9d 7d] (High card : Ace)
rijet shows [7c 7h] (One pair : 7)
rijet collected 4830 from pot
*** SUMMARY ***
Total pot 4830 | No rake
Board: [Jd 2h 5s Qh Ad]
Seat 1: Akrapovitch (button) showed [9d 7d] and lost with High card : Ace
Seat 2: rijet (small blind) showed [7c 7h] and won 4830 with One pair : 7


Winamax Poker - Tournament "Déglingos" buyIn: 1,80€ + 0,20€ level: 14 - HandId: #661099980588580865-99-1460373428 - Holdem no limit (80/400/800) - 2016/04/11 11:17:08 UTC
Table: 'Déglingos(153924334)#000' 3-max (real money) Seat #3 is the button
Seat 2: rijet (4830)
Seat 3: manggy94 (12398)
*** ANTE/BLINDS ***
manggy94 posts ante 80
rijet posts ante 80
manggy94 posts small blind 400
rijet posts big blind 800
Dealt to manggy94 [2h 2d]
*** PRE-FLOP *** 
manggy94 raises 1760 to 2560
rijet folds
manggy94 collected 3520 from pot
*** SUMMARY ***
Total pot 3520 | No rake
Seat 3: manggy94 (small blind) (button) won 3520


Winamax Poker - Tournament "Déglingos" buyIn: 1,80€ + 0,20€ level: 14 - HandId: #661099980588580865-100-1460373436 - Holdem no limit (80/400/800) - 2016/04/11 11:17:16 UTC
Table: 'Déglingos(153924334)#000' 3-max (real money) Seat #2 is the button
Seat 2: rijet (3950)
Seat 3: manggy94 (13278)
*** ANTE/BLINDS ***
rijet posts ante 80
manggy94 posts ante 80
rijet posts small blind 400
manggy94 posts big blind 800
Dealt to manggy94 [7h Ts]
*** PRE-FLOP *** 
rijet raises 3070 to 3870 and is all-in
manggy94 folds
rijet collected 4830 from pot
*** SUMMARY ***
Total pot 4830 | No rake
Seat 2: rijet (small blind) (button) won 4830


Winamax Poker - Tournament "Déglingos" buyIn: 1,80€ + 0,20€ level: 14 - HandId: #661099980588580865-101-1460373444 - Holdem no limit (80/400/800) - 2016/04/11 11:17:24 UTC
Table: 'Déglingos(153924334)#000' 3-max (real money) Seat #3 is the button
Seat 2: rijet (4830)
Seat 3: manggy94 (12398)
*** ANTE/BLINDS ***
manggy94 posts ante 80
rijet posts ante 80
manggy94 posts small blind 400
rijet posts big blind 800
Dealt to manggy94 [2s 5d]
*** PRE-FLOP *** 
manggy94 folds
rijet collected 1360 from pot
*** SUMMARY ***
Total pot 1360 | No rake
Seat 2: rijet (big blind) won 1360


Winamax Poker - Tournament "Déglingos" buyIn: 1,80€ + 0,20€ level: 14 - HandId: #661099980588580865-102-1460373449 - Holdem no limit (80/400/800) - 2016/04/11 11:17:29 UTC
Table: 'Déglingos(153924334)#000' 3-max (real money) Seat #2 is the button
Seat 2: rijet (5310)
Seat 3: manggy94 (11918)
*** ANTE/BLINDS ***
rijet posts ante 80
manggy94 posts ante 80
rijet posts small blind 400
manggy94 posts big blind 800
Dealt to manggy94 [7c 9c]
*** PRE-FLOP *** 
rijet folds
manggy94 collected 1360 from pot
*** SUMMARY ***
Total pot 1360 | No rake
Seat 3: manggy94 (big blind) won 1360


Winamax Poker - Tournament "Déglingos" buyIn: 1,80€ + 0,20€ level: 14 - HandId: #661099980588580865-103-1460373453 - Holdem no limit (80/400/800) - 2016/04/11 11:17:33 UTC
Table: 'Déglingos(153924334)#000' 3-max (real money) Seat #3 is the button
Seat 2: rijet (4830)
Seat 3: manggy94 (12398)
*** ANTE/BLINDS ***
manggy94 posts ante 80
rijet posts ante 80
manggy94 posts small blind 400
rijet posts big blind 800
Dealt to manggy94 [8h 6h]
*** PRE-FLOP *** 
manggy94 raises 800 to 1600
rijet folds
manggy94 collected 2560 from pot
*** SUMMARY ***
Total pot 2560 | No rake
Seat 3: manggy94 (small blind) (button) won 2560


Winamax Poker - Tournament "Déglingos" buyIn: 1,80€ + 0,20€ level: 14 - HandId: #661099980588580865-104-1460373461 - Holdem no limit (80/400/800) - 2016/04/11 11:17:41 UTC
Table: 'Déglingos(153924334)#000' 3-max (real money) Seat #2 is the button
Seat 2: rijet (3950)
Seat 3: manggy94 (13278)
*** ANTE/BLINDS ***
rijet posts ante 80
manggy94 posts ante 80
rijet posts small blind 400
manggy94 posts big blind 800
Dealt to manggy94 [7h 8h]
*** PRE-FLOP *** 
rijet folds
manggy94 collected 1360 from pot
*** SUMMARY ***
Total pot 1360 | No rake
Seat 3: manggy94 (big blind) won 1360


Winamax Poker - Tournament "Déglingos" buyIn: 1,80€ + 0,20€ level: 14 - HandId: #661099980588580865-105-1460373468 - Holdem no limit (80/400/800) - 2016/04/11 11:17:48 UTC
Table: 'Déglingos(153924334)#000' 3-max (real money) Seat #3 is the button
Seat 2: rijet (3470)
Seat 3: manggy94 (13758)
*** ANTE/BLINDS ***
manggy94 posts ante 80
rijet posts ante 80
manggy94 posts small blind 400
rijet posts big blind 800
Dealt to manggy94 [Ks 5s]
*** PRE-FLOP *** 
manggy94 raises 1760 to 2560
rijet folds
manggy94 collected 3520 from pot
*** SUMMARY ***
Total pot 3520 | No rake
Seat 3: manggy94 (small blind) (button) won 3520


Winamax Poker - Tournament "Déglingos" buyIn: 1,80€ + 0,20€ level: 14 - HandId: #661099980588580865-106-1460373478 - Holdem no limit (80/400/800) - 2016/04/11 11:17:58 UTC
Table: 'Déglingos(153924334)#000' 3-max (real money) Seat #2 is the button
Seat 2: rijet (2590)
Seat 3: manggy94 (14638)
*** ANTE/BLINDS ***
rijet posts ante 80
manggy94 posts ante 80
rijet posts small blind 400
manggy94 posts big blind 800
Dealt to manggy94 [6s Ks]
*** PRE-FLOP *** 
rijet folds
manggy94 collected 1360 from pot
*** SUMMARY ***
Total pot 1360 | No rake
Seat 3: manggy94 (big blind) won 1360


Winamax Poker - Tournament "Déglingos" buyIn: 1,80€ + 0,20€ level: 14 - HandId: #661099980588580865-107-1460373488 - Holdem no limit (80/400/800) - 2016/04/11 11:18:08 UTC
Table: 'Déglingos(153924334)#000' 3-max (real money) Seat #3 is the button
Seat 2: rijet (2110)
Seat 3: manggy94 (15118)
*** ANTE/BLINDS ***
manggy94 posts ante 80
rijet posts ante 80
manggy94 posts small blind 400
rijet posts big blind 800
Dealt to manggy94 [9d 8c]
*** PRE-FLOP *** 
manggy94 calls 400
rijet checks
*** FLOP *** [Kh 9s 6c]
rijet checks
manggy94 bets 1760
rijet folds
manggy94 collected 3520 from pot
*** SUMMARY ***
Total pot 3520 | No rake
Board: [Kh 9s 6c]
Seat 3: manggy94 (small blind) (button) won 3520


Winamax Poker - Tournament "Déglingos" buyIn: 1,80€ + 0,20€ level: 14 - HandId: #661099980588580865-108-1460373503 - Holdem no limit (80/400/800) - 2016/04/11 11:18:23 UTC
Table: 'Déglingos(153924334)#000' 3-max (real money) Seat #2 is the button
Seat 2: rijet (1230)
Seat 3: manggy94 (15998)
*** ANTE/BLINDS ***
rijet posts ante 80
manggy94 posts ante 80
rijet posts small blind 400
manggy94 posts big blind 800
Dealt to manggy94 [3s Qs]
*** PRE-FLOP *** 
rijet raises 350 to 1150 and is all-in
manggy94 calls 350
*** FLOP *** [Tc Qh 2s]
*** TURN *** [Tc Qh 2s][3h]
*** RIVER *** [Tc Qh 2s 3h][6s]
*** SHOW DOWN ***
rijet shows [Kd Ts] (One pair : Tens)
manggy94 shows [3s Qs] (Two pairs : Queens and 3)
manggy94 collected 2460 from pot
*** SUMMARY ***
Total pot 2460 | No rake
Board: [Tc Qh 2s 3h 6s]
Seat 2: rijet (small blind) (button) showed [Kd Ts] and lost with One pair : Tens
Seat 3: manggy94 (big blind) showed [3s Qs] and won 2460 with Two pairs : Queens and 3


Winamax Poker - Tournament "Déglingos" buyIn: 1,80€ + 0,20€ level: 14 - HandId: #661099980588580866-135-1460373529 - Holdem no limit (80/400/800) - 2016/04/11 11:18:49 UTC
Table: 'Déglingos(153924334)#001' 3-max (real money) Seat #1 is the button
Seat 1: Rougeot71 (3200)
Seat 2: NexuzAA (17100)
Seat 3: manggy94 (17228)
*** ANTE/BLINDS ***
manggy94 posts ante 80
Rougeot71 posts ante 80
manggy94 posts small blind 400
Rougeot71 posts big blind 800
Dealt to manggy94 [Jd Ad]
*** PRE-FLOP *** 
manggy94 raises 1760 to 2560
Rougeot71 calls 1760
*** FLOP *** [5c Qh Td]
manggy94 bets 5280
Rougeot71 calls 560 and is all-in
*** TURN *** [5c Qh Td][3s]
*** RIVER *** [5c Qh Td 3s][8d]
*** SHOW DOWN ***
Rougeot71 shows [As 9c] (High card : Ace)
manggy94 shows [Jd Ad] (High card : Ace)
manggy94 collected 11120 from pot
*** SUMMARY ***
Total pot 11120 | No rake
Board: [5c Qh Td 3s 8d]
Seat 1: Rougeot71 (big blind) (button) showed [As 9c] and lost with High card : Ace
Seat 3: manggy94 (small blind) showed [Jd Ad] and won 11120 with High card : Ace


Winamax Poker - Tournament "Déglingos" buyIn: 1,80€ + 0,20€ level: 14 - HandId: #661099980588580866-136-1460373577 - Holdem no limit (80/400/800) - 2016/04/11 11:19:37 UTC
Table: 'Déglingos(153924334)#001' 3-max (real money) Seat #2 is the button
Seat 2: NexuzAA (17100)
Seat 3: manggy94 (20428)
*** ANTE/BLINDS ***
NexuzAA posts ante 80
manggy94 posts ante 80
NexuzAA posts small blind 400
manggy94 posts big blind 800
Dealt to manggy94 [Td Tc]
*** PRE-FLOP *** 
NexuzAA folds
manggy94 collected 1360 from pot
*** SUMMARY ***
Total pot 1360 | No rake
Seat 3: manggy94 (big blind) won 1360


Winamax Poker - Tournament "Déglingos" buyIn: 1,80€ + 0,20€ level: 14 - HandId: #661099980588580866-137-1460373597 - Holdem no limit (80/400/800) - 2016/04/11 11:19:57 UTC
Table: 'Déglingos(153924334)#001' 3-max (real money) Seat #3 is the button
Seat 2: NexuzAA (16620)
Seat 3: manggy94 (20908)
*** ANTE/BLINDS ***
manggy94 posts ante 80
NexuzAA posts ante 80
manggy94 posts small blind 400
NexuzAA posts big blind 800
Dealt to manggy94 [3d 8c]
*** PRE-FLOP *** 
manggy94 folds
NexuzAA collected 1360 from pot
*** SUMMARY ***
Total pot 1360 | No rake
Seat 2: NexuzAA (big blind) won 1360


Winamax Poker - Tournament "Déglingos" buyIn: 1,80€ + 0,20€ level: 15 - HandId: #661099980588580866-138-1460373602 - Holdem no limit (100/500/1000) - 2016/04/11 11:20:02 UTC
Table: 'Déglingos(153924334)#001' 3-max (real money) Seat #2 is the button
Seat 2: NexuzAA (17100)
Seat 3: manggy94 (20428)
*** ANTE/BLINDS ***
NexuzAA posts ante 100
manggy94 posts ante 100
NexuzAA posts small blind 500
manggy94 posts big blind 1000
Dealt to manggy94 [8s 4c]
*** PRE-FLOP *** 
NexuzAA calls 500
manggy94 checks
*** FLOP *** [5c 3s 7c]
manggy94 checks
NexuzAA bets 1467
manggy94 folds
NexuzAA collected 3667 from pot
*** SUMMARY ***
Total pot 3667 | No rake
Board: [5c 3s 7c]
Seat 2: NexuzAA (small blind) (button) won 3667


Winamax Poker - Tournament "Déglingos" buyIn: 1,80€ + 0,20€ level: 15 - HandId: #661099980588580866-139-1460373624 - Holdem no limit (100/500/1000) - 2016/04/11 11:20:24 UTC
Table: 'Déglingos(153924334)#001' 3-max (real money) Seat #3 is the button
Seat 2: NexuzAA (18200)
Seat 3: manggy94 (19328)
*** ANTE/BLINDS ***
manggy94 posts ante 100
NexuzAA posts ante 100
manggy94 posts small blind 500
NexuzAA posts big blind 1000
Dealt to manggy94 [2h Th]
*** PRE-FLOP *** 
manggy94 folds
NexuzAA collected 1700 from pot
*** SUMMARY ***
Total pot 1700 | No rake
Seat 2: NexuzAA (big blind) won 1700


Winamax Poker - Tournament "Déglingos" buyIn: 1,80€ + 0,20€ level: 15 - HandId: #661099980588580866-140-1460373628 - Holdem no limit (100/500/1000) - 2016/04/11 11:20:28 UTC
Table: 'Déglingos(153924334)#001' 3-max (real money) Seat #2 is the button
Seat 2: NexuzAA (18800)
Seat 3: manggy94 (18728)
*** ANTE/BLINDS ***
NexuzAA posts ante 100
manggy94 posts ante 100
NexuzAA posts small blind 500
manggy94 posts big blind 1000
Dealt to manggy94 [4h Ts]
*** PRE-FLOP *** 
NexuzAA folds
manggy94 collected 1700 from pot
*** SUMMARY ***
Total pot 1700 | No rake
Seat 3: manggy94 (big blind) won 1700


Winamax Poker - Tournament "Déglingos" buyIn: 1,80€ + 0,20€ level: 15 - HandId: #661099980588580866-141-1460373647 - Holdem no limit (100/500/1000) - 2016/04/11 11:20:47 UTC
Table: 'Déglingos(153924334)#001' 3-max (real money) Seat #3 is the button
Seat 2: NexuzAA (18200)
Seat 3: manggy94 (19328)
*** ANTE/BLINDS ***
manggy94 posts ante 100
NexuzAA posts ante 100
manggy94 posts small blind 500
NexuzAA posts big blind 1000
Dealt to manggy94 [3s Jh]
*** PRE-FLOP *** 
manggy94 raises 1000 to 2000
NexuzAA calls 1000
*** FLOP *** [7s 8c Ac]
NexuzAA bets 2800
manggy94 folds
NexuzAA collected 7000 from pot
*** SUMMARY ***
Total pot 7000 | No rake
Board: [7s 8c Ac]
Seat 2: NexuzAA (big blind) won 7000


Winamax Poker - Tournament "Déglingos" buyIn: 1,80€ + 0,20€ level: 15 - HandId: #661099980588580866-142-1460373665 - Holdem no limit (100/500/1000) - 2016/04/11 11:21:05 UTC
Table: 'Déglingos(153924334)#001' 3-max (real money) Seat #2 is the button
Seat 2: NexuzAA (20300)
Seat 3: manggy94 (17228)
*** ANTE/BLINDS ***
NexuzAA posts ante 100
manggy94 posts ante 100
NexuzAA posts small blind 500
manggy94 posts big blind 1000
Dealt to manggy94 [Jc Kc]
*** PRE-FLOP *** 
NexuzAA folds
manggy94 collected 1700 from pot
*** SUMMARY ***
Total pot 1700 | No rake
Seat 3: manggy94 (big blind) won 1700


Winamax Poker - Tournament "Déglingos" buyIn: 1,80€ + 0,20€ level: 15 - HandId: #661099980588580866-143-1460373685 - Holdem no limit (100/500/1000) - 2016/04/11 11:21:25 UTC
Table: 'Déglingos(153924334)#001' 3-max (real money) Seat #3 is the button
Seat 2: NexuzAA (19700)
Seat 3: manggy94 (17828)
*** ANTE/BLINDS ***
manggy94 posts ante 100
NexuzAA posts ante 100
manggy94 posts small blind 500
NexuzAA posts big blind 1000
Dealt to manggy94 [Ks 3d]
*** PRE-FLOP *** 
manggy94 raises 2200 to 3200
NexuzAA folds
manggy94 collected 4400 from pot
*** SUMMARY ***
Total pot 4400 | No rake
Seat 3: manggy94 (small blind) (button) won 4400


Winamax Poker - Tournament "Déglingos" buyIn: 1,80€ + 0,20€ level: 15 - HandId: #661099980588580866-144-1460373708 - Holdem no limit (100/500/1000) - 2016/04/11 11:21:48 UTC
Table: 'Déglingos(153924334)#001' 3-max (real money) Seat #2 is the button
Seat 2: NexuzAA (18600)
Seat 3: manggy94 (18928)
*** ANTE/BLINDS ***
NexuzAA posts ante 100
manggy94 posts ante 100
NexuzAA posts small blind 500
manggy94 posts big blind 1000
Dealt to manggy94 [2c Qd]
*** PRE-FLOP *** 
NexuzAA folds
manggy94 collected 1700 from pot
*** SUMMARY ***
Total pot 1700 | No rake
Seat 3: manggy94 (big blind) won 1700


Winamax Poker - Tournament "Déglingos" buyIn: 1,80€ + 0,20€ level: 15 - HandId: #661099980588580866-145-1460373728 - Holdem no limit (100/500/1000) - 2016/04/11 11:22:08 UTC
Table: 'Déglingos(153924334)#001' 3-max (real money) Seat #3 is the button
Seat 2: NexuzAA (18000)
Seat 3: manggy94 (19528)
*** ANTE/BLINDS ***
manggy94 posts ante 100
NexuzAA posts ante 100
manggy94 posts small blind 500
NexuzAA posts big blind 1000
Dealt to manggy94 [5c 7c]
*** PRE-FLOP *** 
manggy94 calls 500
NexuzAA raises 2000 to 3000
manggy94 calls 2000
*** FLOP *** [8d Kc Ad]
NexuzAA bets 3100
manggy94 folds
NexuzAA collected 9300 from pot
*** SUMMARY ***
Total pot 9300 | No rake
Board: [8d Kc Ad]
Seat 2: NexuzAA (big blind) won 9300


Winamax Poker - Tournament "Déglingos" buyIn: 1,80€ + 0,20€ level: 15 - HandId: #661099980588580866-146-1460373758 - Holdem no limit (100/500/1000) - 2016/04/11 11:22:38 UTC
Table: 'Déglingos(153924334)#001' 3-max (real money) Seat #2 is the button
Seat 2: NexuzAA (21100)
Seat 3: manggy94 (16428)
*** ANTE/BLINDS ***
NexuzAA posts ante 100
manggy94 posts ante 100
NexuzAA posts small blind 500
manggy94 posts big blind 1000
Dealt to manggy94 [9d Ac]
*** PRE-FLOP *** 
NexuzAA raises 2500 to 3500
manggy94 raises 12828 to 16328 and is all-in
NexuzAA calls 12828
*** FLOP *** [Jc Qc 4s]
*** TURN *** [Jc Qc 4s][Kd]
*** RIVER *** [Jc Qc 4s Kd][8h]
*** SHOW DOWN ***
manggy94 shows [9d Ac] (High card : Ace)
NexuzAA shows [Qh Kh] (Two pairs : Kings and Queens)
NexuzAA collected 32856 from pot
*** SUMMARY ***
Total pot 32856 | No rake
Board: [Jc Qc 4s Kd 8h]
Seat 2: NexuzAA (small blind) (button) showed [Qh Kh] and won 32856 with Two pairs : Kings and Queens
Seat 3: manggy94 (big blind) showed [9d Ac] and lost with High card : Ace


