Winamax Poker - Tournament "MiniRoll" buyIn: 0,22€ + 0,03€ level: 9 - HandId: #634981477007753232-65-1455903995 - Holdem no limit (75/400/800) - 2016/02/19 17:46:35 UTC
Table: 'MiniRoll(147843146)#015' 8-max (real money) Seat #7 is the button
Seat 1: BADDE (16415)
Seat 2: backano (25911)
Seat 3: Edgarlito420 (4845)
Seat 4: Jenpeplus (22382)
Seat 5: manggy94 (4745)
Seat 6: gooddeal37 (23995)
Seat 7: gueux51 (15538)
Seat 8: Scratchoun (6129)
*** ANTE/BLINDS ***
Scratchoun posts ante 75
BADDE posts ante 75
backano posts ante 75
Edgarlito420 posts ante 75
Jenpeplus posts ante 75
manggy94 posts ante 75
gooddeal37 posts ante 75
gueux51 posts ante 75
Scratchoun posts small blind 400
BADDE posts big blind 800
Dealt to manggy94 [2s 6h]
*** PRE-FLOP *** 
backano folds
Edgarlito420 folds
Jenpeplus folds
manggy94 folds
gooddeal37 folds
gueux51 calls 800
Scratchoun folds
BADDE checks
*** FLOP *** [2h 5h 5d]
BADDE bets 2600
gueux51 folds
BADDE collected 5200 from pot
*** SUMMARY ***
Total pot 5200 | No rake
Board: [2h 5h 5d]
Seat 1: BADDE (big blind) won 5200


Winamax Poker - Tournament "MiniRoll" buyIn: 0,22€ + 0,03€ level: 9 - HandId: #634981477007753232-66-1455904043 - Holdem no limit (75/400/800) - 2016/02/19 17:47:23 UTC
Table: 'MiniRoll(147843146)#015' 8-max (real money) Seat #8 is the button
Seat 1: BADDE (18140)
Seat 2: backano (25836)
Seat 3: Edgarlito420 (4770)
Seat 4: Jenpeplus (22307)
Seat 5: manggy94 (4670)
Seat 6: gooddeal37 (23920)
Seat 7: gueux51 (14663)
Seat 8: Scratchoun (5654)
*** ANTE/BLINDS ***
BADDE posts ante 75
backano posts ante 75
Edgarlito420 posts ante 75
Jenpeplus posts ante 75
manggy94 posts ante 75
gooddeal37 posts ante 75
gueux51 posts ante 75
Scratchoun posts ante 75
BADDE posts small blind 400
backano posts big blind 800
Dealt to manggy94 [As Qd]
*** PRE-FLOP *** 
Edgarlito420 folds
Jenpeplus folds
manggy94 raises 3795 to 4595 and is all-in
gooddeal37 folds
gueux51 folds
Scratchoun folds
BADDE folds
backano calls 3795
*** FLOP *** [3d 2s 8d]
*** TURN *** [3d 2s 8d][5h]
*** RIVER *** [3d 2s 8d 5h][2h]
*** SHOW DOWN ***
manggy94 shows [As Qd] (One pair : 2)
backano shows [3s Ac] (Two pairs : 3 and 2)
backano collected 10190 from pot
*** SUMMARY ***
Total pot 10190 | No rake
Board: [3d 2s 8d 5h 2h]
Seat 2: backano (big blind) showed [3s Ac] and won 10190 with Two pairs : 3 and 2
Seat 5: manggy94 showed [As Qd] and lost with One pair : 2


