Winamax Poker - Tournament "COCKTAIL" buyIn: 4.50€ + 0.50€ level: 6 - HandId: #688896446287577337-30-1465929498 - Holdem no limit (30/200/400) - 2016/06/14 18:38:18 UTC
Table: 'COCKTAIL(160396203)#0248' 6-max (real money) Seat #5 is the button
Seat 1: essaiencore (11184)
Seat 2: Lou rifua (31600)
Seat 3: noushkay78 (22899)
Seat 4: Ra1sedOnce (28681)
Seat 5: E.Delgado.fr (45636)
Seat 6: manggy94 (20000)
*** ANTE/BLINDS ***
essaiencore posts ante 30
Lou rifua posts ante 30
noushkay78 posts ante 30
Ra1sedOnce posts ante 30
E.Delgado.fr posts ante 30
essaiencore posts small blind 200
Lou rifua posts big blind 400
*** PRE-FLOP *** 
noushkay78 folds
Ra1sedOnce folds
E.Delgado.fr raises 422 to 822
essaiencore folds
Lou rifua raises 1644 to 2466
E.Delgado.fr calls 1644
*** FLOP *** [Qh 8h 4d]
Lou rifua bets 3521
E.Delgado.fr calls 3521
*** TURN *** [Qh 8h 4d][2d]
Lou rifua bets 8216
E.Delgado.fr folds
Lou rifua collected 20540 from pot
*** SUMMARY ***
Total pot 20540 | No rake
Board: [Qh 8h 4d 2d]
Seat 2: Lou rifua (big blind) won 20540


Winamax Poker - Tournament "COCKTAIL" buyIn: 4.50€ + 0.50€ level: 7 - HandId: #688896446287577337-31-1465929551 - Holdem no limit (40/250/500) - 2016/06/14 18:39:11 UTC
Table: 'COCKTAIL(160396203)#0248' 6-max (real money) Seat #1 is the button
Seat 1: essaiencore (10954)
Seat 2: Lou rifua (37907)
Seat 3: noushkay78 (22869)
Seat 4: Ra1sedOnce (28651)
Seat 5: E.Delgado.fr (39619)
Seat 6: manggy94 (20000)
*** ANTE/BLINDS ***
Lou rifua posts ante 40
noushkay78 posts ante 40
essaiencore posts ante 40
Ra1sedOnce posts ante 40
E.Delgado.fr posts ante 40
manggy94 posts ante 40
Lou rifua posts small blind 250
noushkay78 posts big blind 500
Dealt to manggy94 [9d Tc]
*** PRE-FLOP *** 
Ra1sedOnce folds
E.Delgado.fr raises 522 to 1022
manggy94 folds
essaiencore calls 1022
Lou rifua folds
noushkay78 raises 522 to 1544
E.Delgado.fr calls 522
essaiencore calls 522
*** FLOP *** [4c Qh Kd]
noushkay78 checks
E.Delgado.fr bets 3022
essaiencore folds
noushkay78 folds
E.Delgado.fr collected 8144 from pot
*** SUMMARY ***
Total pot 8144 | No rake
Board: [4c Qh Kd]
Seat 5: E.Delgado.fr won 8144


Winamax Poker - Tournament "COCKTAIL" buyIn: 4.50€ + 0.50€ level: 7 - HandId: #688896446287577337-32-1465929624 - Holdem no limit (40/250/500) - 2016/06/14 18:40:24 UTC
Table: 'COCKTAIL(160396203)#0248' 6-max (real money) Seat #2 is the button
Seat 1: essaiencore (9370)
Seat 2: Lou rifua (37617)
Seat 3: noushkay78 (21285)
Seat 4: Ra1sedOnce (28611)
Seat 5: E.Delgado.fr (43157)
Seat 6: manggy94 (19960)
*** ANTE/BLINDS ***
noushkay78 posts ante 40
Ra1sedOnce posts ante 40
essaiencore posts ante 40
Lou rifua posts ante 40
E.Delgado.fr posts ante 40
manggy94 posts ante 40
noushkay78 posts small blind 250
Ra1sedOnce posts big blind 500
Dealt to manggy94 [Th 4s]
*** PRE-FLOP *** 
E.Delgado.fr folds
manggy94 folds
essaiencore folds
Lou rifua folds
noushkay78 folds
Ra1sedOnce collected 990 from pot
*** SUMMARY ***
Total pot 990 | No rake
Seat 4: Ra1sedOnce (big blind) won 990


Winamax Poker - Tournament "COCKTAIL" buyIn: 4.50€ + 0.50€ level: 7 - HandId: #688896446287577337-33-1465929641 - Holdem no limit (40/250/500) - 2016/06/14 18:40:41 UTC
Table: 'COCKTAIL(160396203)#0248' 6-max (real money) Seat #3 is the button
Seat 1: essaiencore (9330)
Seat 2: Lou rifua (37577)
Seat 3: noushkay78 (20995)
Seat 4: Ra1sedOnce (29061)
Seat 5: E.Delgado.fr (43117)
Seat 6: manggy94 (19920)
*** ANTE/BLINDS ***
Ra1sedOnce posts ante 40
E.Delgado.fr posts ante 40
essaiencore posts ante 40
Lou rifua posts ante 40
noushkay78 posts ante 40
manggy94 posts ante 40
Ra1sedOnce posts small blind 250
E.Delgado.fr posts big blind 500
Dealt to manggy94 [4c Js]
*** PRE-FLOP *** 
manggy94 folds
essaiencore folds
Lou rifua folds
noushkay78 folds
Ra1sedOnce raises 875 to 1375
E.Delgado.fr calls 875
*** FLOP *** [Ah 6s 2s]
Ra1sedOnce bets 1500
E.Delgado.fr calls 1500
*** TURN *** [Ah 6s 2s][Kd]
Ra1sedOnce bets 2750
E.Delgado.fr folds
Ra1sedOnce collected 8740 from pot
*** SUMMARY ***
Total pot 8740 | No rake
Board: [Ah 6s 2s Kd]
Seat 4: Ra1sedOnce (small blind) won 8740


Winamax Poker - Tournament "COCKTAIL" buyIn: 4.50€ + 0.50€ level: 7 - HandId: #688896446287577337-34-1465929712 - Holdem no limit (40/250/500) - 2016/06/14 18:41:52 UTC
Table: 'COCKTAIL(160396203)#0248' 6-max (real money) Seat #4 is the button
Seat 1: essaiencore (9290)
Seat 2: Lou rifua (37537)
Seat 3: noushkay78 (20955)
Seat 4: Ra1sedOnce (32136)
Seat 5: E.Delgado.fr (40202)
Seat 6: manggy94 (19880)
*** ANTE/BLINDS ***
E.Delgado.fr posts ante 40
manggy94 posts ante 40
essaiencore posts ante 40
Lou rifua posts ante 40
noushkay78 posts ante 40
Ra1sedOnce posts ante 40
E.Delgado.fr posts small blind 250
manggy94 posts big blind 500
Dealt to manggy94 [3s Qh]
*** PRE-FLOP *** 
essaiencore folds
Lou rifua folds
noushkay78 folds
Ra1sedOnce raises 585 to 1085
E.Delgado.fr calls 835
manggy94 calls 585
*** FLOP *** [5h 3c Qd]
E.Delgado.fr checks
manggy94 checks
Ra1sedOnce checks
*** TURN *** [5h 3c Qd][8d]
E.Delgado.fr checks
manggy94 bets 3495
Ra1sedOnce folds
E.Delgado.fr folds
manggy94 collected 6990 from pot
*** SUMMARY ***
Total pot 6990 | No rake
Board: [5h 3c Qd 8d]
Seat 6: manggy94 (big blind) won 6990


Winamax Poker - Tournament "COCKTAIL" buyIn: 4.50€ + 0.50€ level: 7 - HandId: #688896446287577337-35-1465929766 - Holdem no limit (40/250/500) - 2016/06/14 18:42:46 UTC
Table: 'COCKTAIL(160396203)#0248' 6-max (real money) Seat #5 is the button
Seat 1: essaiencore (9250)
Seat 2: Lou rifua (37497)
Seat 3: noushkay78 (20915)
Seat 4: Ra1sedOnce (31011)
Seat 5: E.Delgado.fr (39077)
Seat 6: manggy94 (22250)
*** ANTE/BLINDS ***
manggy94 posts ante 40
essaiencore posts ante 40
Lou rifua posts ante 40
noushkay78 posts ante 40
Ra1sedOnce posts ante 40
E.Delgado.fr posts ante 40
manggy94 posts small blind 250
essaiencore posts big blind 500
Dealt to manggy94 [5d 6h]
*** PRE-FLOP *** 
Lou rifua folds
noushkay78 folds
Ra1sedOnce folds
E.Delgado.fr folds
manggy94 calls 250
essaiencore checks
*** FLOP *** [4d 8d 7h]
manggy94 bets 620
essaiencore calls 620
*** TURN *** [4d 8d 7h][3d]
manggy94 bets 500
essaiencore calls 500
*** RIVER *** [4d 8d 7h 3d][Kd]
manggy94 checks
essaiencore checks
*** SHOW DOWN ***
essaiencore shows [Th 7c] (One pair : 7)
manggy94 shows [5d 6h] (Flush King high)
manggy94 collected 3480 from pot
*** SUMMARY ***
Total pot 3480 | No rake
Board: [4d 8d 7h 3d Kd]
Seat 1: essaiencore (big blind) showed [Th 7c] and lost with One pair : 7
Seat 6: manggy94 (small blind) showed [5d 6h] and won 3480 with Flush King high


Winamax Poker - Tournament "COCKTAIL" buyIn: 4.50€ + 0.50€ level: 7 - HandId: #688896446287577337-36-1465929822 - Holdem no limit (40/250/500) - 2016/06/14 18:43:42 UTC
Table: 'COCKTAIL(160396203)#0248' 6-max (real money) Seat #6 is the button
Seat 1: essaiencore (7590)
Seat 2: Lou rifua (37457)
Seat 3: noushkay78 (20875)
Seat 4: Ra1sedOnce (30971)
Seat 5: E.Delgado.fr (39037)
Seat 6: manggy94 (24070)
*** ANTE/BLINDS ***
essaiencore posts ante 40
Lou rifua posts ante 40
noushkay78 posts ante 40
Ra1sedOnce posts ante 40
E.Delgado.fr posts ante 40
manggy94 posts ante 40
essaiencore posts small blind 250
Lou rifua posts big blind 500
Dealt to manggy94 [2d 2h]
*** PRE-FLOP *** 
noushkay78 calls 500
Ra1sedOnce folds
E.Delgado.fr folds
manggy94 calls 500
essaiencore calls 250
Lou rifua checks
*** FLOP *** [7c 9s 8c]
essaiencore checks
Lou rifua checks
noushkay78 bets 1120
manggy94 folds
essaiencore calls 1120
Lou rifua folds
*** TURN *** [7c 9s 8c][Ah]
essaiencore checks
noushkay78 bets 2240
essaiencore calls 2240
*** RIVER *** [7c 9s 8c Ah][Qc]
essaiencore checks
noushkay78 bets 4480
essaiencore calls 3690 and is all-in
*** SHOW DOWN ***
essaiencore shows [8h 7h] (Two pairs : 8 and 7)
noushkay78 shows [Ts Jd] (Straight Queen high)
noushkay78 collected 17130 from pot
*** SUMMARY ***
Total pot 17130 | No rake
Board: [7c 9s 8c Ah Qc]
Seat 1: essaiencore (small blind) showed [8h 7h] and lost with Two pairs : 8 and 7
Seat 3: noushkay78 showed [Ts Jd] and won 17130 with Straight Queen high


Winamax Poker - Tournament "COCKTAIL" buyIn: 4.50€ + 0.50€ level: 7 - HandId: #688896446287577337-37-1465929898 - Holdem no limit (40/250/500) - 2016/06/14 18:44:58 UTC
Table: 'COCKTAIL(160396203)#0248' 6-max (real money) Seat #1 is the button
Seat 2: Lou rifua (36917)
Seat 3: noushkay78 (29625)
Seat 4: Ra1sedOnce (30931)
Seat 5: E.Delgado.fr (38997)
Seat 6: manggy94 (23530)
*** ANTE/BLINDS ***
Lou rifua posts ante 40
noushkay78 posts ante 40
Ra1sedOnce posts ante 40
E.Delgado.fr posts ante 40
manggy94 posts ante 40
Lou rifua posts small blind 250
noushkay78 posts big blind 500
Dealt to manggy94 [Ks 8c]
*** PRE-FLOP *** 
Ra1sedOnce raises 585 to 1085
E.Delgado.fr folds
manggy94 folds
Lou rifua calls 835
noushkay78 folds
*** FLOP *** [8d 9d 8s]
Lou rifua checks
Ra1sedOnce bets 976
Lou rifua calls 976
*** TURN *** [8d 9d 8s][4s]
Lou rifua checks
Ra1sedOnce bets 2000
Lou rifua calls 2000
*** RIVER *** [8d 9d 8s 4s][4d]
Lou rifua checks
Ra1sedOnce checks
*** SHOW DOWN ***
Lou rifua shows [6s 5s] (Two pairs : 8 and 4)
Ra1sedOnce shows [As Jc] (Two pairs : 8 and 4)
Ra1sedOnce collected 8822 from pot
*** SUMMARY ***
Total pot 8822 | No rake
Board: [8d 9d 8s 4s 4d]
Seat 2: Lou rifua (small blind) showed [6s 5s] and lost with Two pairs : 8 and 4
Seat 4: Ra1sedOnce showed [As Jc] and won 8822 with Two pairs : 8 and 4


Winamax Poker - Tournament "COCKTAIL" buyIn: 4.50€ + 0.50€ level: 7 - HandId: #688896446287577337-38-1465929967 - Holdem no limit (40/250/500) - 2016/06/14 18:46:07 UTC
Table: 'COCKTAIL(160396203)#0248' 6-max (real money) Seat #2 is the button
Seat 1: fabcurry6 (20000)
Seat 2: Lou rifua (32816)
Seat 3: noushkay78 (29085)
Seat 4: Ra1sedOnce (35652)
Seat 5: E.Delgado.fr (38957)
Seat 6: manggy94 (23490)
*** ANTE/BLINDS ***
noushkay78 posts ante 40
Ra1sedOnce posts ante 40
fabcurry6 posts ante 40
Lou rifua posts ante 40
E.Delgado.fr posts ante 40
manggy94 posts ante 40
noushkay78 posts small blind 250
Ra1sedOnce posts big blind 500
Dealt to manggy94 [9c 4s]
*** PRE-FLOP *** 
E.Delgado.fr raises 1122 to 1622
manggy94 folds
fabcurry6 folds
Lou rifua folds
noushkay78 folds
Ra1sedOnce folds
E.Delgado.fr collected 2612 from pot
*** SUMMARY ***
Total pot 2612 | No rake
Seat 5: E.Delgado.fr won 2612


Winamax Poker - Tournament "COCKTAIL" buyIn: 4.50€ + 0.50€ level: 8 - HandId: #688896446287577337-39-1465929997 - Holdem no limit (60/300/600) - 2016/06/14 18:46:37 UTC
Table: 'COCKTAIL(160396203)#0248' 6-max (real money) Seat #3 is the button
Seat 1: fabcurry6 (19960)
Seat 2: Lou rifua (32776)
Seat 3: noushkay78 (28795)
Seat 4: Ra1sedOnce (35112)
Seat 5: E.Delgado.fr (39907)
Seat 6: manggy94 (23450)
*** ANTE/BLINDS ***
Ra1sedOnce posts ante 60
E.Delgado.fr posts ante 60
fabcurry6 posts ante 60
Lou rifua posts ante 60
noushkay78 posts ante 60
manggy94 posts ante 60
Ra1sedOnce posts small blind 300
E.Delgado.fr posts big blind 600
Dealt to manggy94 [7s 7c]
*** PRE-FLOP *** 
manggy94 raises 600 to 1200
fabcurry6 calls 1200
Lou rifua folds
noushkay78 calls 1200
Ra1sedOnce folds
E.Delgado.fr calls 600
*** FLOP *** [4s 8d 3s]
E.Delgado.fr bets 3022
manggy94 calls 3022
fabcurry6 folds
noushkay78 folds
*** TURN *** [4s 8d 3s][Ts]
E.Delgado.fr checks
manggy94 checks
*** RIVER *** [4s 8d 3s Ts][3d]
E.Delgado.fr checks
manggy94 checks
*** SHOW DOWN ***
manggy94 shows [7s 7c] (Two pairs : 7 and 3)
E.Delgado.fr shows [8h Ad] (Two pairs : 8 and 3)
E.Delgado.fr collected 11504 from pot
*** SUMMARY ***
Total pot 11504 | No rake
Board: [4s 8d 3s Ts 3d]
Seat 5: E.Delgado.fr (big blind) showed [8h Ad] and won 11504 with Two pairs : 8 and 3
Seat 6: manggy94 showed [7s 7c] and lost with Two pairs : 7 and 3


Winamax Poker - Tournament "COCKTAIL" buyIn: 4.50€ + 0.50€ level: 8 - HandId: #688896446287577337-40-1465930049 - Holdem no limit (60/300/600) - 2016/06/14 18:47:29 UTC
Table: 'COCKTAIL(160396203)#0248' 6-max (real money) Seat #4 is the button
Seat 1: fabcurry6 (18700)
Seat 2: Lou rifua (32716)
Seat 3: noushkay78 (27535)
Seat 4: Ra1sedOnce (34752)
Seat 5: E.Delgado.fr (47129)
Seat 6: manggy94 (19168)
*** ANTE/BLINDS ***
E.Delgado.fr posts ante 60
manggy94 posts ante 60
fabcurry6 posts ante 60
Lou rifua posts ante 60
noushkay78 posts ante 60
Ra1sedOnce posts ante 60
E.Delgado.fr posts small blind 300
manggy94 posts big blind 600
Dealt to manggy94 [Ts Jd]
*** PRE-FLOP *** 
fabcurry6 folds
Lou rifua folds
noushkay78 calls 600
Ra1sedOnce calls 600
E.Delgado.fr calls 300
manggy94 checks
*** FLOP *** [Js 2c Ks]
E.Delgado.fr checks
manggy94 checks
noushkay78 checks
Ra1sedOnce checks
*** TURN *** [Js 2c Ks][Qd]
E.Delgado.fr bets 1622
manggy94 calls 1622
noushkay78 folds
Ra1sedOnce folds
*** RIVER *** [Js 2c Ks Qd][Th]
E.Delgado.fr bets 4022
manggy94 calls 4022
*** SHOW DOWN ***
E.Delgado.fr shows [2s 8h] (One pair : 2)
manggy94 shows [Ts Jd] (Two pairs : Jacks and Tens)
manggy94 collected 14048 from pot
*** SUMMARY ***
Total pot 14048 | No rake
Board: [Js 2c Ks Qd Th]
Seat 5: E.Delgado.fr (small blind) showed [2s 8h] and lost with One pair : 2
Seat 6: manggy94 (big blind) showed [Ts Jd] and won 14048 with Two pairs : Jacks and Tens


Winamax Poker - Tournament "COCKTAIL" buyIn: 4.50€ + 0.50€ level: 8 - HandId: #688896446287577337-41-1465930154 - Holdem no limit (60/300/600) - 2016/06/14 18:49:14 UTC
Table: 'COCKTAIL(160396203)#0248' 6-max (real money) Seat #5 is the button
Seat 1: fabcurry6 (18640)
Seat 2: Lou rifua (32656)
Seat 3: noushkay78 (26875)
Seat 4: Ra1sedOnce (34092)
Seat 5: E.Delgado.fr (40825)
Seat 6: manggy94 (26912)
*** ANTE/BLINDS ***
manggy94 posts ante 60
fabcurry6 posts ante 60
Lou rifua posts ante 60
noushkay78 posts ante 60
Ra1sedOnce posts ante 60
E.Delgado.fr posts ante 60
manggy94 posts small blind 300
fabcurry6 posts big blind 600
Dealt to manggy94 [Qs 5c]
*** PRE-FLOP *** 
Lou rifua folds
noushkay78 calls 600
Ra1sedOnce folds
E.Delgado.fr folds
manggy94 folds
fabcurry6 checks
*** FLOP *** [2h 6d 5s]
fabcurry6 bets 1025
noushkay78 calls 1025
*** TURN *** [2h 6d 5s][Ad]
fabcurry6 bets 1875
noushkay78 raises 1875 to 3750
fabcurry6 calls 1875
*** RIVER *** [2h 6d 5s Ad][As]
fabcurry6 checks
noushkay78 bets 5705
fabcurry6 folds
noushkay78 collected 17115 from pot
*** SUMMARY ***
Total pot 17115 | No rake
Board: [2h 6d 5s Ad As]
Seat 3: noushkay78 won 17115


Winamax Poker - Tournament "COCKTAIL" buyIn: 4.50€ + 0.50€ level: 8 - HandId: #688896446287577337-42-1465930377 - Holdem no limit (60/300/600) - 2016/06/14 18:52:57 UTC
Table: 'COCKTAIL(160396203)#0248' 6-max (real money) Seat #6 is the button
Seat 1: fabcurry6 (13205)
Seat 2: Lou rifua (32596)
Seat 3: noushkay78 (32850)
Seat 4: Ra1sedOnce (34032)
Seat 5: E.Delgado.fr (40765)
Seat 6: manggy94 (26552)
*** ANTE/BLINDS ***
fabcurry6 posts ante 60
Lou rifua posts ante 60
noushkay78 posts ante 60
Ra1sedOnce posts ante 60
E.Delgado.fr posts ante 60
manggy94 posts ante 60
fabcurry6 posts small blind 300
Lou rifua posts big blind 600
Dealt to manggy94 [Ts Jd]
*** PRE-FLOP *** 
noushkay78 folds
Ra1sedOnce raises 600 to 1200
E.Delgado.fr folds
manggy94 folds
fabcurry6 folds
Lou rifua folds
Ra1sedOnce collected 2460 from pot
*** SUMMARY ***
Total pot 2460 | No rake
Seat 4: Ra1sedOnce won 2460


Winamax Poker - Tournament "COCKTAIL" buyIn: 4.50€ + 0.50€ level: 8 - HandId: #688896446287577337-43-1465930401 - Holdem no limit (60/300/600) - 2016/06/14 18:53:21 UTC
Table: 'COCKTAIL(160396203)#0248' 6-max (real money) Seat #1 is the button
Seat 1: fabcurry6 (12845)
Seat 2: Lou rifua (31936)
Seat 3: noushkay78 (32790)
Seat 4: Ra1sedOnce (35232)
Seat 5: E.Delgado.fr (40705)
Seat 6: manggy94 (26492)
*** ANTE/BLINDS ***
Lou rifua posts ante 60
noushkay78 posts ante 60
fabcurry6 posts ante 60
Ra1sedOnce posts ante 60
E.Delgado.fr posts ante 60
manggy94 posts ante 60
Lou rifua posts small blind 300
noushkay78 posts big blind 600
Dealt to manggy94 [9h 7s]
*** PRE-FLOP *** 
Ra1sedOnce folds
E.Delgado.fr folds
manggy94 folds
fabcurry6 folds
Lou rifua folds
noushkay78 collected 1260 from pot
*** SUMMARY ***
Total pot 1260 | No rake
Seat 3: noushkay78 (big blind) won 1260


Winamax Poker - Tournament "COCKTAIL" buyIn: 4.50€ + 0.50€ level: 8 - HandId: #688896446287577337-44-1465930433 - Holdem no limit (60/300/600) - 2016/06/14 18:53:53 UTC
Table: 'COCKTAIL(160396203)#0248' 6-max (real money) Seat #2 is the button
Seat 1: fabcurry6 (12785)
Seat 2: Lou rifua (31576)
Seat 3: noushkay78 (33390)
Seat 4: Ra1sedOnce (35172)
Seat 5: E.Delgado.fr (40645)
Seat 6: manggy94 (26432)
*** ANTE/BLINDS ***
noushkay78 posts ante 60
Ra1sedOnce posts ante 60
fabcurry6 posts ante 60
Lou rifua posts ante 60
E.Delgado.fr posts ante 60
manggy94 posts ante 60
noushkay78 posts small blind 300
Ra1sedOnce posts big blind 600
Dealt to manggy94 [8s Kd]
*** PRE-FLOP *** 
E.Delgado.fr folds
manggy94 calls 600
fabcurry6 folds
Lou rifua calls 600
noushkay78 calls 300
Ra1sedOnce checks
*** FLOP *** [Qs Kh 5d]
noushkay78 checks
Ra1sedOnce checks
manggy94 bets 1380
Lou rifua folds
noushkay78 folds
Ra1sedOnce folds
manggy94 collected 4140 from pot
*** SUMMARY ***
Total pot 4140 | No rake
Board: [Qs Kh 5d]
Seat 6: manggy94 won 4140


Winamax Poker - Tournament "COCKTAIL" buyIn: 4.50€ + 0.50€ level: 9 - HandId: #688896446287577337-45-1465930803 - Holdem no limit (75/400/800) - 2016/06/14 19:00:03 UTC
Table: 'COCKTAIL(160396203)#0248' 6-max (real money) Seat #3 is the button
Seat 1: fabcurry6 (12725)
Seat 2: Lou rifua (30916)
Seat 3: noushkay78 (32730)
Seat 4: Ra1sedOnce (34512)
Seat 5: E.Delgado.fr (40585)
Seat 6: manggy94 (28532)
*** ANTE/BLINDS ***
Ra1sedOnce posts ante 75
E.Delgado.fr posts ante 75
fabcurry6 posts ante 75
Lou rifua posts ante 75
noushkay78 posts ante 75
manggy94 posts ante 75
Ra1sedOnce posts small blind 400
E.Delgado.fr posts big blind 800
Dealt to manggy94 [2h Qh]
*** PRE-FLOP *** 
manggy94 folds
fabcurry6 folds
Lou rifua folds
noushkay78 folds
Ra1sedOnce calls 400
E.Delgado.fr checks
*** FLOP *** [5d Qs 2d]
Ra1sedOnce bets 1200
E.Delgado.fr folds
Ra1sedOnce collected 3250 from pot
*** SUMMARY ***
Total pot 3250 | No rake
Board: [5d Qs 2d]
Seat 4: Ra1sedOnce (small blind) won 3250


Winamax Poker - Tournament "COCKTAIL" buyIn: 4.50€ + 0.50€ level: 9 - HandId: #688896446287577337-46-1465930887 - Holdem no limit (75/400/800) - 2016/06/14 19:01:27 UTC
Table: 'COCKTAIL(160396203)#0248' 6-max (real money) Seat #4 is the button
Seat 1: fabcurry6 (12650)
Seat 2: Lou rifua (30841)
Seat 3: noushkay78 (32655)
Seat 4: Ra1sedOnce (35687)
Seat 5: E.Delgado.fr (39710)
Seat 6: manggy94 (28457)
*** ANTE/BLINDS ***
E.Delgado.fr posts ante 75
manggy94 posts ante 75
fabcurry6 posts ante 75
Lou rifua posts ante 75
noushkay78 posts ante 75
Ra1sedOnce posts ante 75
E.Delgado.fr posts small blind 400
manggy94 posts big blind 800
Dealt to manggy94 [3s Ks]
*** PRE-FLOP *** 
fabcurry6 folds
Lou rifua folds
noushkay78 folds
Ra1sedOnce folds
E.Delgado.fr folds
manggy94 collected 1650 from pot
*** SUMMARY ***
Total pot 1650 | No rake
Seat 6: manggy94 (big blind) won 1650


Winamax Poker - Tournament "COCKTAIL" buyIn: 4.50€ + 0.50€ level: 9 - HandId: #688896446287577337-47-1465930940 - Holdem no limit (75/400/800) - 2016/06/14 19:02:20 UTC
Table: 'COCKTAIL(160396203)#0248' 6-max (real money) Seat #5 is the button
Seat 1: fabcurry6 (12575)
Seat 2: Lou rifua (30766)
Seat 3: noushkay78 (32580)
Seat 4: Ra1sedOnce (35612)
Seat 5: E.Delgado.fr (39235)
Seat 6: manggy94 (29232)
*** ANTE/BLINDS ***
manggy94 posts ante 75
fabcurry6 posts ante 75
Lou rifua posts ante 75
noushkay78 posts ante 75
Ra1sedOnce posts ante 75
E.Delgado.fr posts ante 75
manggy94 posts small blind 400
fabcurry6 posts big blind 800
Dealt to manggy94 [Jd 8h]
*** PRE-FLOP *** 
Lou rifua folds
noushkay78 folds
Ra1sedOnce folds
E.Delgado.fr folds
manggy94 calls 400
fabcurry6 folds
manggy94 collected 2050 from pot
*** SUMMARY ***
Total pot 2050 | No rake
Seat 6: manggy94 (small blind) won 2050


Winamax Poker - Tournament "COCKTAIL" buyIn: 4.50€ + 0.50€ level: 9 - HandId: #688896446287577337-48-1465930973 - Holdem no limit (75/400/800) - 2016/06/14 19:02:53 UTC
Table: 'COCKTAIL(160396203)#0248' 6-max (real money) Seat #6 is the button
Seat 1: fabcurry6 (11700)
Seat 2: Lou rifua (30691)
Seat 3: noushkay78 (32505)
Seat 4: Ra1sedOnce (35537)
Seat 5: E.Delgado.fr (39160)
Seat 6: manggy94 (30407)
*** ANTE/BLINDS ***
fabcurry6 posts ante 75
Lou rifua posts ante 75
noushkay78 posts ante 75
Ra1sedOnce posts ante 75
E.Delgado.fr posts ante 75
manggy94 posts ante 75
fabcurry6 posts small blind 400
Lou rifua posts big blind 800
Dealt to manggy94 [3h 8h]
*** PRE-FLOP *** 
noushkay78 folds
Ra1sedOnce folds
E.Delgado.fr raises 1322 to 2122
manggy94 folds
fabcurry6 folds
Lou rifua folds
E.Delgado.fr collected 3772 from pot
*** SUMMARY ***
Total pot 3772 | No rake
Seat 5: E.Delgado.fr won 3772


Winamax Poker - Tournament "COCKTAIL" buyIn: 4.50€ + 0.50€ level: 9 - HandId: #688896446287577337-49-1465931001 - Holdem no limit (75/400/800) - 2016/06/14 19:03:21 UTC
Table: 'COCKTAIL(160396203)#0248' 6-max (real money) Seat #1 is the button
Seat 1: fabcurry6 (11225)
Seat 2: Lou rifua (29816)
Seat 3: noushkay78 (32430)
Seat 4: Ra1sedOnce (35462)
Seat 5: E.Delgado.fr (40735)
Seat 6: manggy94 (30332)
*** ANTE/BLINDS ***
Lou rifua posts ante 75
noushkay78 posts ante 75
fabcurry6 posts ante 75
Ra1sedOnce posts ante 75
E.Delgado.fr posts ante 75
manggy94 posts ante 75
Lou rifua posts small blind 400
noushkay78 posts big blind 800
Dealt to manggy94 [2c Ac]
*** PRE-FLOP *** 
Ra1sedOnce raises 800 to 1600
E.Delgado.fr folds
manggy94 calls 1600
fabcurry6 folds
Lou rifua folds
noushkay78 calls 800
*** FLOP *** [9h 2s 2d]
noushkay78 checks
Ra1sedOnce bets 2000
manggy94 calls 2000
noushkay78 folds
*** TURN *** [9h 2s 2d][Js]
Ra1sedOnce bets 4439
manggy94 raises 10872 to 15311
Ra1sedOnce calls 10872
*** RIVER *** [9h 2s 2d Js][7d]
Ra1sedOnce checks
manggy94 bets 11346 and is all-in
Ra1sedOnce calls 11346
*** SHOW DOWN ***
Ra1sedOnce shows [Ad As] (Two pairs : Aces and 2)
manggy94 shows [2c Ac] (Trips of 2)
manggy94 collected 62964 from pot
*** SUMMARY ***
Total pot 62964 | No rake
Board: [9h 2s 2d Js 7d]
Seat 4: Ra1sedOnce showed [Ad As] and lost with Two pairs : Aces and 2
Seat 6: manggy94 showed [2c Ac] and won 62964 with Trips of 2


Winamax Poker - Tournament "COCKTAIL" buyIn: 4.50€ + 0.50€ level: 9 - HandId: #688896446287577337-50-1465931104 - Holdem no limit (75/400/800) - 2016/06/14 19:05:04 UTC
Table: 'COCKTAIL(160396203)#0248' 6-max (real money) Seat #2 is the button
Seat 1: fabcurry6 (11150)
Seat 2: Lou rifua (29341)
Seat 3: noushkay78 (30755)
Seat 4: Ra1sedOnce (5130)
Seat 5: E.Delgado.fr (40660)
Seat 6: manggy94 (62964)
*** ANTE/BLINDS ***
noushkay78 posts ante 75
Ra1sedOnce posts ante 75
fabcurry6 posts ante 75
Lou rifua posts ante 75
E.Delgado.fr posts ante 75
manggy94 posts ante 75
noushkay78 posts small blind 400
Ra1sedOnce posts big blind 800
Dealt to manggy94 [As 9d]
*** PRE-FLOP *** 
E.Delgado.fr raises 1322 to 2122
manggy94 calls 2122
fabcurry6 folds
Lou rifua folds
noushkay78 folds
Ra1sedOnce folds
*** FLOP *** [Jc 3c 5d]
E.Delgado.fr bets 3922
manggy94 folds
E.Delgado.fr collected 9816 from pot
*** SUMMARY ***
Total pot 9816 | No rake
Board: [Jc 3c 5d]
Seat 5: E.Delgado.fr won 9816


Winamax Poker - Tournament "COCKTAIL" buyIn: 4.50€ + 0.50€ level: 9 - HandId: #688896446287577337-51-1465931180 - Holdem no limit (75/400/800) - 2016/06/14 19:06:20 UTC
Table: 'COCKTAIL(160396203)#0248' 6-max (real money) Seat #3 is the button
Seat 1: fabcurry6 (11075)
Seat 2: Lou rifua (29266)
Seat 3: noushkay78 (30280)
Seat 4: Ra1sedOnce (4255)
Seat 5: E.Delgado.fr (44357)
Seat 6: manggy94 (60767)
*** ANTE/BLINDS ***
Ra1sedOnce posts ante 75
E.Delgado.fr posts ante 75
fabcurry6 posts ante 75
Lou rifua posts ante 75
noushkay78 posts ante 75
manggy94 posts ante 75
Ra1sedOnce posts small blind 400
E.Delgado.fr posts big blind 800
Dealt to manggy94 [7h Qh]
*** PRE-FLOP *** 
manggy94 raises 800 to 1600
fabcurry6 folds
Lou rifua folds
noushkay78 folds
Ra1sedOnce folds
E.Delgado.fr calls 800
*** FLOP *** [Jc Qd 5d]
E.Delgado.fr checks
manggy94 bets 2025
E.Delgado.fr folds
manggy94 collected 6075 from pot
*** SUMMARY ***
Total pot 6075 | No rake
Board: [Jc Qd 5d]
Seat 6: manggy94 won 6075


Winamax Poker - Tournament "COCKTAIL" buyIn: 4.50€ + 0.50€ level: 10 - HandId: #688896446287577337-52-1465931275 - Holdem no limit (100/500/1000) - 2016/06/14 19:07:55 UTC
Table: 'COCKTAIL(160396203)#0248' 6-max (real money) Seat #4 is the button
Seat 1: fabcurry6 (11000)
Seat 2: Lou rifua (29191)
Seat 3: noushkay78 (30205)
Seat 4: Ra1sedOnce (3780)
Seat 5: E.Delgado.fr (42682)
Seat 6: manggy94 (63142)
*** ANTE/BLINDS ***
E.Delgado.fr posts ante 100
manggy94 posts ante 100
fabcurry6 posts ante 100
Lou rifua posts ante 100
noushkay78 posts ante 100
Ra1sedOnce posts ante 100
E.Delgado.fr posts small blind 500
manggy94 posts big blind 1000
Dealt to manggy94 [9s Jd]
*** PRE-FLOP *** 
fabcurry6 raises 9900 to 10900 and is all-in
Lou rifua folds
noushkay78 folds
Ra1sedOnce folds
E.Delgado.fr folds
manggy94 folds
fabcurry6 collected 13000 from pot
*** SUMMARY ***
Total pot 13000 | No rake
Seat 1: fabcurry6 won 13000


Winamax Poker - Tournament "COCKTAIL" buyIn: 4.50€ + 0.50€ level: 10 - HandId: #688896446287577337-53-1465931318 - Holdem no limit (100/500/1000) - 2016/06/14 19:08:38 UTC
Table: 'COCKTAIL(160396203)#0248' 6-max (real money) Seat #5 is the button
Seat 1: fabcurry6 (13000)
Seat 2: Lou rifua (29091)
Seat 3: noushkay78 (30105)
Seat 4: Ra1sedOnce (3680)
Seat 5: E.Delgado.fr (42082)
Seat 6: manggy94 (62042)
*** ANTE/BLINDS ***
manggy94 posts ante 100
fabcurry6 posts ante 100
Lou rifua posts ante 100
noushkay78 posts ante 100
Ra1sedOnce posts ante 100
E.Delgado.fr posts ante 100
manggy94 posts small blind 500
fabcurry6 posts big blind 1000
Dealt to manggy94 [Jd 7s]
*** PRE-FLOP *** 
Lou rifua folds
noushkay78 folds
Ra1sedOnce folds
E.Delgado.fr raises 2022 to 3022
manggy94 folds
fabcurry6 raises 9878 to 12900 and is all-in
E.Delgado.fr raises 9878 to 22778
*** FLOP *** [2d 3d 5d]
*** TURN *** [2d 3d 5d][Ad]
*** RIVER *** [2d 3d 5d Ad][As]
*** SHOW DOWN ***
fabcurry6 shows [Tc Ac] (Trips of Aces)
E.Delgado.fr shows [9c 9d] (Flush Ace high)
E.Delgado.fr collected 36778 from pot
*** SUMMARY ***
Total pot 36778 | No rake
Board: [2d 3d 5d Ad As]
Seat 1: fabcurry6 (big blind) showed [Tc Ac] and lost with Trips of Aces
Seat 5: E.Delgado.fr (button) showed [9c 9d] and won 36778 with Flush Ace high


Winamax Poker - Tournament "COCKTAIL" buyIn: 4.50€ + 0.50€ level: 10 - HandId: #688896446287577337-54-1465931391 - Holdem no limit (100/500/1000) - 2016/06/14 19:09:51 UTC
Table: 'COCKTAIL(160396203)#0248' 6-max (real money) Seat #6 is the button
Seat 2: Lou rifua (28991)
Seat 3: noushkay78 (30005)
Seat 4: Ra1sedOnce (3580)
Seat 5: E.Delgado.fr (55982)
Seat 6: manggy94 (61442)
*** ANTE/BLINDS ***
Lou rifua posts ante 100
noushkay78 posts ante 100
Ra1sedOnce posts ante 100
E.Delgado.fr posts ante 100
manggy94 posts ante 100
Lou rifua posts big blind 1000
Dealt to manggy94 [Kd Qd]
*** PRE-FLOP *** 
noushkay78 folds
Ra1sedOnce folds
E.Delgado.fr raises 1822 to 2822
manggy94 calls 2822
Lou rifua folds
*** FLOP *** [2h 5c Jd]
E.Delgado.fr bets 4722
manggy94 calls 4722
*** TURN *** [2h 5c Jd][7h]
E.Delgado.fr bets 11022
manggy94 folds
E.Delgado.fr collected 27610 from pot
*** SUMMARY ***
Total pot 27610 | No rake
Board: [2h 5c Jd 7h]
Seat 5: E.Delgado.fr won 27610


Winamax Poker - Tournament "COCKTAIL" buyIn: 4.50€ + 0.50€ level: 10 - HandId: #688896446287577337-55-1465931479 - Holdem no limit (100/500/1000) - 2016/06/14 19:11:19 UTC
Table: 'COCKTAIL(160396203)#0248' 6-max (real money) Seat #1 is the button
Seat 1: Sarkosy mdr (20000)
Seat 2: Lou rifua (27891)
Seat 3: noushkay78 (29905)
Seat 4: Ra1sedOnce (3480)
Seat 5: E.Delgado.fr (64926)
Seat 6: manggy94 (53798)
*** ANTE/BLINDS ***
Lou rifua posts ante 100
noushkay78 posts ante 100
Ra1sedOnce posts ante 100
E.Delgado.fr posts ante 100
manggy94 posts ante 100
Lou rifua posts small blind 500
noushkay78 posts big blind 1000
Dealt to manggy94 [Kc 8s]
*** PRE-FLOP *** 
Ra1sedOnce raises 2380 to 3380 and is all-in
E.Delgado.fr calls 3380
manggy94 folds
Lou rifua folds
noushkay78 folds
*** FLOP *** [Tc 3s 9c]
*** TURN *** [Tc 3s 9c][Qd]
*** RIVER *** [Tc 3s 9c Qd][3h]
*** SHOW DOWN ***
Ra1sedOnce shows [Ah 5d] (One pair : 3)
E.Delgado.fr shows [5c Ac] (One pair : 3)
E.Delgado.fr collected 4380 from pot
Ra1sedOnce collected 4380 from pot
*** SUMMARY ***
Total pot 8760 | No rake
Board: [Tc 3s 9c Qd 3h]
Seat 4: Ra1sedOnce showed [Ah 5d] and won 4380 with One pair : 3
Seat 5: E.Delgado.fr showed [5c Ac] and won 4380 with One pair : 3


Winamax Poker - Tournament "COCKTAIL" buyIn: 4.50€ + 0.50€ level: 10 - HandId: #688896446287577337-56-1465931519 - Holdem no limit (100/500/1000) - 2016/06/14 19:11:59 UTC
Table: 'COCKTAIL(160396203)#0248' 6-max (real money) Seat #2 is the button
Seat 1: Sarkosy mdr (20000)
Seat 2: Lou rifua (27291)
Seat 3: noushkay78 (28805)
Seat 4: Ra1sedOnce (4380)
Seat 5: E.Delgado.fr (65826)
Seat 6: manggy94 (53698)
*** ANTE/BLINDS ***
noushkay78 posts ante 100
Ra1sedOnce posts ante 100
Sarkosy mdr posts ante 100
Lou rifua posts ante 100
E.Delgado.fr posts ante 100
manggy94 posts ante 100
noushkay78 posts small blind 500
Ra1sedOnce posts big blind 1000
Dealt to manggy94 [9s 9c]
*** PRE-FLOP *** 
E.Delgado.fr folds
manggy94 raises 3000 to 4000
Sarkosy mdr calls 4000
Lou rifua folds
noushkay78 folds
Ra1sedOnce folds
*** FLOP *** [2c Kh 2s]
manggy94 bets 5050
Sarkosy mdr calls 5050
*** TURN *** [2c Kh 2s][Qh]
manggy94 checks
Sarkosy mdr bets 10850 and is all-in
manggy94 calls 10850
*** RIVER *** [2c Kh 2s Qh][Ac]
*** SHOW DOWN ***
manggy94 shows [9s 9c] (Two pairs : 9 and 2)
Sarkosy mdr shows [Ah Js] (Two pairs : Aces and 2)
Sarkosy mdr collected 41900 from pot
*** SUMMARY ***
Total pot 41900 | No rake
Board: [2c Kh 2s Qh Ac]
Seat 1: Sarkosy mdr showed [Ah Js] and won 41900 with Two pairs : Aces and 2
Seat 6: manggy94 showed [9s 9c] and lost with Two pairs : 9 and 2


Winamax Poker - Tournament "COCKTAIL" buyIn: 4.50€ + 0.50€ level: 10 - HandId: #688896446287577337-57-1465931590 - Holdem no limit (100/500/1000) - 2016/06/14 19:13:10 UTC
Table: 'COCKTAIL(160396203)#0248' 6-max (real money) Seat #3 is the button
Seat 1: Sarkosy mdr (41900)
Seat 2: Lou rifua (27191)
Seat 3: noushkay78 (28205)
Seat 4: Ra1sedOnce (3280)
Seat 5: E.Delgado.fr (65726)
Seat 6: manggy94 (33698)
*** ANTE/BLINDS ***
Ra1sedOnce posts ante 100
E.Delgado.fr posts ante 100
Sarkosy mdr posts ante 100
Lou rifua posts ante 100
noushkay78 posts ante 100
manggy94 posts ante 100
Ra1sedOnce posts small blind 500
E.Delgado.fr posts big blind 1000
Dealt to manggy94 [3h Qc]
*** PRE-FLOP *** 
manggy94 folds
Sarkosy mdr folds
Lou rifua raises 2000 to 3000
noushkay78 folds
Ra1sedOnce folds
E.Delgado.fr raises 6022 to 9022
Lou rifua folds
E.Delgado.fr collected 13122 from pot
*** SUMMARY ***
Total pot 13122 | No rake
Seat 5: E.Delgado.fr (big blind) won 13122


Winamax Poker - Tournament "COCKTAIL" buyIn: 4.50€ + 0.50€ level: 10 - HandId: #688896446287577337-58-1465931655 - Holdem no limit (100/500/1000) - 2016/06/14 19:14:15 UTC
Table: 'COCKTAIL(160396203)#0248' 6-max (real money) Seat #4 is the button
Seat 1: Sarkosy mdr (41800)
Seat 2: Lou rifua (24091)
Seat 3: noushkay78 (28105)
Seat 4: Ra1sedOnce (2680)
Seat 5: E.Delgado.fr (69726)
Seat 6: manggy94 (33598)
*** ANTE/BLINDS ***
E.Delgado.fr posts ante 100
manggy94 posts ante 100
Sarkosy mdr posts ante 100
Lou rifua posts ante 100
noushkay78 posts ante 100
Ra1sedOnce posts ante 100
E.Delgado.fr posts small blind 500
manggy94 posts big blind 1000
Dealt to manggy94 [Qh 6h]
*** PRE-FLOP *** 
Sarkosy mdr calls 1000
Lou rifua folds
noushkay78 folds
Ra1sedOnce raises 1580 to 2580 and is all-in
E.Delgado.fr calls 2080
manggy94 calls 1580
Sarkosy mdr raises 39120 to 41700 and is all-in
E.Delgado.fr folds
manggy94 folds
*** FLOP *** [As 3c 8s]
*** TURN *** [As 3c 8s][Ts]
*** RIVER *** [As 3c 8s Ts][Qd]
*** SHOW DOWN ***
Ra1sedOnce shows [Ah Jc] (One pair : Aces)
Sarkosy mdr shows [Jd Js] (One pair : Jacks)
Sarkosy mdr collected 39120 from side pot 1
Ra1sedOnce collected 10920 from main pot
*** SUMMARY ***
Total pot 50040 | No rake
Board: [As 3c 8s Ts Qd]
Seat 1: Sarkosy mdr showed [Jd Js] and won 39120 with One pair : Jacks
Seat 4: Ra1sedOnce (button) showed [Ah Jc] and won 10920 with One pair : Aces


Winamax Poker - Tournament "COCKTAIL" buyIn: 4.50€ + 0.50€ level: 10 - HandId: #688896446287577337-59-1465931739 - Holdem no limit (100/500/1000) - 2016/06/14 19:15:39 UTC
Table: 'COCKTAIL(160396203)#0248' 6-max (real money) Seat #5 is the button
Seat 1: Sarkosy mdr (39120)
Seat 2: Lou rifua (23991)
Seat 3: noushkay78 (28005)
Seat 4: Ra1sedOnce (10920)
Seat 5: E.Delgado.fr (67046)
Seat 6: manggy94 (30918)
*** ANTE/BLINDS ***
manggy94 posts ante 100
Sarkosy mdr posts ante 100
Lou rifua posts ante 100
noushkay78 posts ante 100
Ra1sedOnce posts ante 100
E.Delgado.fr posts ante 100
manggy94 posts small blind 500
Sarkosy mdr posts big blind 1000
Dealt to manggy94 [8h 8s]
*** PRE-FLOP *** 
Lou rifua folds
noushkay78 folds
Ra1sedOnce raises 9820 to 10820 and is all-in
E.Delgado.fr folds
manggy94 calls 10320
Sarkosy mdr raises 28200 to 39020 and is all-in
manggy94 calls 19998 and is all-in
*** FLOP *** [2h Kd Qc]
*** TURN *** [2h Kd Qc][Tc]
*** RIVER *** [2h Kd Qc Tc][2s]
*** SHOW DOWN ***
Ra1sedOnce shows [9d Jd] (Straight King high)
manggy94 shows [8h 8s] (Two pairs : 8 and 2)
Sarkosy mdr shows [Qs Qd] (Full of Queens and 2)
Sarkosy mdr collected 81258 from pot
*** SUMMARY ***
Total pot 81258 | No rake
Board: [2h Kd Qc Tc 2s]
Seat 1: Sarkosy mdr (big blind) showed [Qs Qd] and won 81258 with Full of Queens and 2
Seat 4: Ra1sedOnce showed [9d Jd] and lost with Straight King high
Seat 6: manggy94 (small blind) showed [8h 8s] and lost with Two pairs : 8 and 2


