Winamax Poker - Tournament "Freeroll" buyIn: 0€ + 0€ level: 1 - HandId: #743358787674440325-1-1477672231 - Holdem no limit (10/20) - 2016/10/28 16:30:31 UTC
Table: 'Freeroll(173076705)#644' 6-max (real money) Seat #2 is the button
Seat 1: orageuse (3000)
Seat 2: manggy94 (3000)
Seat 3: nejho (3000)
Seat 4: mehdinou (3000)
Seat 5: lardon28360 (3000)
Seat 6: la jungle79 (3000)
*** ANTE/BLINDS ***
nejho posts small blind 10
mehdinou posts big blind 20
Dealt to manggy94 [3d 4h]
*** PRE-FLOP *** 
lardon28360 folds
la jungle79 calls 20
orageuse calls 20
manggy94 folds
nejho folds
mehdinou checks
*** FLOP *** [3h As 9s]
mehdinou checks
la jungle79 bets 730
orageuse folds
mehdinou folds
la jungle79 collected 800 from pot
*** SUMMARY ***
Total pot 800 | No rake
Board: [3h As 9s]
Seat 6: la jungle79 won 800


Winamax Poker - Tournament "Freeroll" buyIn: 0€ + 0€ level: 2 - HandId: #743358787674440325-2-1477672450 - Holdem no limit (15/30) - 2016/10/28 16:34:10 UTC
Table: 'Freeroll(173076705)#644' 6-max (real money) Seat #3 is the button
Seat 1: orageuse (2980)
Seat 2: manggy94 (3000)
Seat 3: nejho (2990)
Seat 4: mehdinou (2980)
Seat 5: lardon28360 (3000)
Seat 6: la jungle79 (3050)
*** ANTE/BLINDS ***
mehdinou posts small blind 15
lardon28360 posts big blind 30
Dealt to manggy94 [Ks 5h]
*** PRE-FLOP *** 
la jungle79 calls 30
orageuse folds
manggy94 folds
nejho calls 30
mehdinou raises 30 to 60
lardon28360 folds
la jungle79 calls 30
nejho folds
*** FLOP *** [3c 7c 8h]
mehdinou bets 180
la jungle79 folds
mehdinou collected 360 from pot
*** SUMMARY ***
Total pot 360 | No rake
Board: [3c 7c 8h]
Seat 4: mehdinou (small blind) won 360


Winamax Poker - Tournament "Freeroll" buyIn: 0€ + 0€ level: 2 - HandId: #743358787674440325-3-1477672555 - Holdem no limit (15/30) - 2016/10/28 16:35:55 UTC
Table: 'Freeroll(173076705)#644' 6-max (real money) Seat #4 is the button
Seat 1: orageuse (2980)
Seat 2: manggy94 (3000)
Seat 3: nejho (2960)
Seat 4: mehdinou (3100)
Seat 5: lardon28360 (2970)
Seat 6: la jungle79 (2990)
*** ANTE/BLINDS ***
lardon28360 posts small blind 15
la jungle79 posts big blind 30
Dealt to manggy94 [As 3h]
*** PRE-FLOP *** 
orageuse folds
manggy94 folds
nejho folds
mehdinou folds
lardon28360 folds
la jungle79 collected 45 from pot
*** SUMMARY ***
Total pot 45 | No rake
Seat 6: la jungle79 (big blind) won 45


Winamax Poker - Tournament "Freeroll" buyIn: 0€ + 0€ level: 2 - HandId: #743358787674440325-4-1477672571 - Holdem no limit (15/30) - 2016/10/28 16:36:11 UTC
Table: 'Freeroll(173076705)#644' 6-max (real money) Seat #5 is the button
Seat 1: orageuse (2980)
Seat 2: manggy94 (3000)
Seat 3: nejho (2960)
Seat 4: mehdinou (3100)
Seat 5: lardon28360 (2955)
Seat 6: la jungle79 (3005)
*** ANTE/BLINDS ***
la jungle79 posts small blind 15
orageuse posts big blind 30
Dealt to manggy94 [7c 6s]
*** PRE-FLOP *** 
manggy94 folds
nejho folds
mehdinou calls 30
lardon28360 folds
la jungle79 calls 15
orageuse raises 90 to 120
mehdinou calls 90
la jungle79 calls 90
*** FLOP *** [4c 9c Qc]
la jungle79 checks
orageuse bets 2860 and is all-in
mehdinou folds
la jungle79 folds
orageuse collected 3220 from pot
*** SUMMARY ***
Total pot 3220 | No rake
Board: [4c 9c Qc]
Seat 1: orageuse (big blind) won 3220


Winamax Poker - Tournament "Freeroll" buyIn: 0€ + 0€ level: 3 - HandId: #743358787674440325-5-1477672605 - Holdem no limit (20/40) - 2016/10/28 16:36:45 UTC
Table: 'Freeroll(173076705)#644' 6-max (real money) Seat #6 is the button
Seat 1: orageuse (3220)
Seat 2: manggy94 (3000)
Seat 3: nejho (2960)
Seat 4: mehdinou (2980)
Seat 5: lardon28360 (2955)
Seat 6: la jungle79 (2885)
*** ANTE/BLINDS ***
orageuse posts small blind 20
manggy94 posts big blind 40
Dealt to manggy94 [4d Qs]
*** PRE-FLOP *** 
nejho folds
mehdinou calls 40
lardon28360 folds
la jungle79 raises 100 to 140
orageuse folds
manggy94 folds
mehdinou calls 100
*** FLOP *** [9d 7h 9c]
mehdinou bets 340
la jungle79 raises 1020 to 1360
mehdinou folds
la jungle79 shows [9h Js] (Trips of 9)
la jungle79 collected 2040 from pot
*** SUMMARY ***
Total pot 2040 | No rake
Board: [9d 7h 9c]
Seat 6: la jungle79 (button) showed [9h Js] and won 2040 with Trips of 9


Winamax Poker - Tournament "Freeroll" buyIn: 0€ + 0€ level: 3 - HandId: #743358787674440325-6-1477672676 - Holdem no limit (20/40) - 2016/10/28 16:37:56 UTC
Table: 'Freeroll(173076705)#644' 6-max (real money) Seat #1 is the button
Seat 1: orageuse (3200)
Seat 2: manggy94 (2960)
Seat 3: nejho (2960)
Seat 4: mehdinou (2500)
Seat 5: lardon28360 (2955)
Seat 6: la jungle79 (3425)
*** ANTE/BLINDS ***
manggy94 posts small blind 20
nejho posts big blind 40
Dealt to manggy94 [Js Ts]
*** PRE-FLOP *** 
mehdinou calls 40
lardon28360 folds
la jungle79 calls 40
orageuse folds
manggy94 folds
nejho checks
*** FLOP *** [Kc Kh 6d]
nejho checks
mehdinou checks
la jungle79 checks
*** TURN *** [Kc Kh 6d][7h]
nejho checks
mehdinou checks
la jungle79 checks
*** RIVER *** [Kc Kh 6d 7h][8h]
nejho checks
mehdinou checks
la jungle79 checks
*** SHOW DOWN ***
mehdinou shows [4c 9c] (One pair : Kings)
la jungle79 shows [5s 3s] (One pair : Kings)
nejho shows [Jc Th] (One pair : Kings)
nejho collected 140 from pot
*** SUMMARY ***
Total pot 140 | No rake
Board: [Kc Kh 6d 7h 8h]
Seat 3: nejho (big blind) showed [Jc Th] and won 140 with One pair : Kings
Seat 4: mehdinou showed [4c 9c] and lost with One pair : Kings
Seat 6: la jungle79 showed [5s 3s] and lost with One pair : Kings


Winamax Poker - Tournament "Freeroll" buyIn: 0€ + 0€ level: 3 - HandId: #743358787674440325-7-1477672716 - Holdem no limit (20/40) - 2016/10/28 16:38:36 UTC
Table: 'Freeroll(173076705)#644' 6-max (real money) Seat #2 is the button
Seat 1: orageuse (3200)
Seat 2: manggy94 (2940)
Seat 3: nejho (3060)
Seat 4: mehdinou (2460)
Seat 5: lardon28360 (2955)
Seat 6: la jungle79 (3385)
*** ANTE/BLINDS ***
nejho posts small blind 20
mehdinou posts big blind 40
Dealt to manggy94 [8c 8s]
*** PRE-FLOP *** 
lardon28360 folds
la jungle79 folds
orageuse folds
manggy94 raises 40 to 80
nejho calls 60
mehdinou raises 40 to 120
manggy94 folds
nejho calls 40
*** FLOP *** [2d Ah Ts]
nejho checks
mehdinou bets 160
nejho folds
mehdinou collected 480 from pot
*** SUMMARY ***
Total pot 480 | No rake
Board: [2d Ah Ts]
Seat 4: mehdinou (big blind) won 480


Winamax Poker - Tournament "Freeroll" buyIn: 0€ + 0€ level: 4 - HandId: #743358787674440325-8-1477672786 - Holdem no limit (30/60) - 2016/10/28 16:39:46 UTC
Table: 'Freeroll(173076705)#644' 6-max (real money) Seat #3 is the button
Seat 1: orageuse (3200)
Seat 2: manggy94 (2860)
Seat 3: nejho (2940)
Seat 4: mehdinou (2660)
Seat 5: lardon28360 (2955)
Seat 6: la jungle79 (3385)
*** ANTE/BLINDS ***
mehdinou posts small blind 30
lardon28360 posts big blind 60
Dealt to manggy94 [Ad Td]
*** PRE-FLOP *** 
la jungle79 folds
orageuse folds
manggy94 folds
nejho folds
mehdinou raises 60 to 120
lardon28360 folds
mehdinou collected 180 from pot
*** SUMMARY ***
Total pot 180 | No rake
Seat 4: mehdinou (small blind) won 180


Winamax Poker - Tournament "Freeroll" buyIn: 0€ + 0€ level: 4 - HandId: #743358787674440325-9-1477672816 - Holdem no limit (30/60) - 2016/10/28 16:40:16 UTC
Table: 'Freeroll(173076705)#644' 6-max (real money) Seat #4 is the button
Seat 1: orageuse (3200)
Seat 2: manggy94 (2860)
Seat 3: nejho (2940)
Seat 4: mehdinou (2720)
Seat 5: lardon28360 (2895)
Seat 6: la jungle79 (3385)
*** ANTE/BLINDS ***
lardon28360 posts small blind 30
la jungle79 posts big blind 60
Dealt to manggy94 [Ts Qh]
*** PRE-FLOP *** 
orageuse folds
manggy94 folds
nejho raises 60 to 120
mehdinou folds
lardon28360 folds
la jungle79 folds
nejho collected 210 from pot
*** SUMMARY ***
Total pot 210 | No rake
Seat 3: nejho won 210


Winamax Poker - Tournament "Freeroll" buyIn: 0€ + 0€ level: 4 - HandId: #743358787674440325-10-1477672830 - Holdem no limit (30/60) - 2016/10/28 16:40:30 UTC
Table: 'Freeroll(173076705)#644' 6-max (real money) Seat #5 is the button
Seat 1: orageuse (3200)
Seat 2: manggy94 (2860)
Seat 3: nejho (3030)
Seat 4: mehdinou (2720)
Seat 5: lardon28360 (2865)
Seat 6: la jungle79 (3325)
*** ANTE/BLINDS ***
la jungle79 posts small blind 30
orageuse posts big blind 60
Dealt to manggy94 [8d 2c]
*** PRE-FLOP *** 
manggy94 folds
nejho folds
mehdinou raises 60 to 120
lardon28360 folds
la jungle79 folds
orageuse folds
mehdinou collected 210 from pot
*** SUMMARY ***
Total pot 210 | No rake
Seat 4: mehdinou won 210


Winamax Poker - Tournament "Freeroll" buyIn: 0€ + 0€ level: 4 - HandId: #743358787674439853-13-1477672893 - Holdem no limit (30/60) - 2016/10/28 16:41:33 UTC
Table: 'Freeroll(173076705)#172' 6-max (real money) Seat #1 is the button
Seat 1: carredas833 (11040)
Seat 2: manggy94 (2860)
Seat 3: canuald (3028)
Seat 4: Nikki. (3000)
Seat 5: latigresse59 (3962)
Seat 6: ceddy (2970)
*** ANTE/BLINDS ***
canuald posts small blind 30
Nikki. posts big blind 60
*** PRE-FLOP *** 
latigresse59 folds
ceddy folds
carredas833 folds
canuald folds
Nikki. collected 90 from pot
*** SUMMARY ***
Total pot 90 | No rake
Seat 4: Nikki. (big blind) won 90


Winamax Poker - Tournament "Freeroll" buyIn: 0€ + 0€ level: 4 - HandId: #743358787674439853-14-1477672918 - Holdem no limit (30/60) - 2016/10/28 16:41:58 UTC
Table: 'Freeroll(173076705)#172' 6-max (real money) Seat #3 is the button
Seat 1: carredas833 (11040)
Seat 2: manggy94 (2860)
Seat 3: canuald (2998)
Seat 4: Nikki. (3030)
Seat 5: latigresse59 (3962)
Seat 6: ceddy (2970)
*** ANTE/BLINDS ***
Nikki. posts small blind 30
latigresse59 posts big blind 60
Dealt to manggy94 [Js 7h]
*** PRE-FLOP *** 
ceddy raises 90 to 150
carredas833 folds
manggy94 folds
canuald calls 150
Nikki. folds
latigresse59 raises 3812 to 3962 and is all-in
ceddy calls 2820 and is all-in
canuald folds
*** FLOP *** [Tc 7d 7c]
*** TURN *** [Tc 7d 7c][Qh]
*** RIVER *** [Tc 7d 7c Qh][Jh]
*** SHOW DOWN ***
latigresse59 shows [Jc 5s] (Two pairs : Jacks and 7)
ceddy shows [Kh As] (Straight Ace high)
ceddy collected 6120 from main pot
latigresse59 collected 992 from side pot 1
*** SUMMARY ***
Total pot 7112 | No rake
Board: [Tc 7d 7c Qh Jh]
Seat 5: latigresse59 (big blind) showed [Jc 5s] and won 992 with Two pairs : Jacks and 7
Seat 6: ceddy showed [Kh As] and won 6120 with Straight Ace high


Winamax Poker - Tournament "Freeroll" buyIn: 0€ + 0€ level: 5 - HandId: #743358787674439853-15-1477672971 - Holdem no limit (40/80) - 2016/10/28 16:42:51 UTC
Table: 'Freeroll(173076705)#172' 6-max (real money) Seat #4 is the button
Seat 1: carredas833 (11040)
Seat 2: manggy94 (2860)
Seat 3: canuald (2848)
Seat 4: Nikki. (3000)
Seat 5: latigresse59 (992)
Seat 6: ceddy (6120)
*** ANTE/BLINDS ***
latigresse59 posts small blind 40
ceddy posts big blind 80
Dealt to manggy94 [3h 5s]
*** PRE-FLOP *** 
carredas833 folds
manggy94 folds
canuald folds
Nikki. folds
latigresse59 folds
ceddy collected 120 from pot
*** SUMMARY ***
Total pot 120 | No rake
Seat 6: ceddy (big blind) won 120


Winamax Poker - Tournament "Freeroll" buyIn: 0€ + 0€ level: 5 - HandId: #743358787674439853-16-1477673038 - Holdem no limit (40/80) - 2016/10/28 16:43:58 UTC
Table: 'Freeroll(173076705)#172' 6-max (real money) Seat #5 is the button
Seat 1: carredas833 (11040)
Seat 2: manggy94 (2860)
Seat 3: canuald (2848)
Seat 4: Nikki. (3000)
Seat 5: latigresse59 (952)
Seat 6: ceddy (6160)
*** ANTE/BLINDS ***
ceddy posts small blind 40
carredas833 posts big blind 80
Dealt to manggy94 [2d Qd]
*** PRE-FLOP *** 
manggy94 calls 80
canuald folds
Nikki. raises 2920 to 3000 and is all-in
latigresse59 folds
ceddy folds
carredas833 folds
manggy94 folds
Nikki. collected 3200 from pot
*** SUMMARY ***
Total pot 3200 | No rake
Seat 4: Nikki. won 3200


Winamax Poker - Tournament "Freeroll" buyIn: 0€ + 0€ level: 5 - HandId: #743358787674439853-17-1477673058 - Holdem no limit (40/80) - 2016/10/28 16:44:18 UTC
Table: 'Freeroll(173076705)#172' 6-max (real money) Seat #6 is the button
Seat 1: carredas833 (10960)
Seat 2: manggy94 (2780)
Seat 3: canuald (2848)
Seat 4: Nikki. (3200)
Seat 5: latigresse59 (952)
Seat 6: ceddy (6120)
*** ANTE/BLINDS ***
carredas833 posts small blind 40
manggy94 posts big blind 80
Dealt to manggy94 [7d Qd]
*** PRE-FLOP *** 
canuald calls 80
Nikki. folds
latigresse59 folds
ceddy calls 80
carredas833 calls 40
manggy94 checks
*** FLOP *** [Kc Jc Td]
carredas833 bets 80
manggy94 calls 80
canuald calls 80
ceddy folds
*** TURN *** [Kc Jc Td][Qc]
carredas833 bets 80
manggy94 folds
canuald folds
carredas833 collected 640 from pot
*** SUMMARY ***
Total pot 640 | No rake
Board: [Kc Jc Td Qc]
Seat 1: carredas833 (small blind) won 640


Winamax Poker - Tournament "Freeroll" buyIn: 0€ + 0€ level: 5 - HandId: #743358787674439853-18-1477673098 - Holdem no limit (40/80) - 2016/10/28 16:44:58 UTC
Table: 'Freeroll(173076705)#172' 6-max (real money) Seat #1 is the button
Seat 1: carredas833 (11360)
Seat 2: manggy94 (2620)
Seat 3: canuald (2688)
Seat 4: Nikki. (3200)
Seat 5: latigresse59 (952)
Seat 6: ceddy (6040)
*** ANTE/BLINDS ***
manggy94 posts small blind 40
canuald posts big blind 80
Dealt to manggy94 [Ts Qh]
*** PRE-FLOP *** 
Nikki. folds
latigresse59 raises 872 to 952 and is all-in
ceddy folds
carredas833 calls 952
manggy94 folds
canuald folds
*** FLOP *** [As 7s 3d]
*** TURN *** [As 7s 3d][4d]
*** RIVER *** [As 7s 3d 4d][Kc]
*** SHOW DOWN ***
latigresse59 shows [Td 6c] (High card : Ace)
carredas833 shows [8h 8s] (One pair : 8)
carredas833 collected 2024 from pot
*** SUMMARY ***
Total pot 2024 | No rake
Board: [As 7s 3d 4d Kc]
Seat 1: carredas833 (button) showed [8h 8s] and won 2024 with One pair : 8
Seat 5: latigresse59 showed [Td 6c] and lost with High card : Ace


Winamax Poker - Tournament "Freeroll" buyIn: 0€ + 0€ level: 6 - HandId: #743358787674439853-19-1477673137 - Holdem no limit (60/120) - 2016/10/28 16:45:37 UTC
Table: 'Freeroll(173076705)#172' 6-max (real money) Seat #2 is the button
Seat 1: carredas833 (12432)
Seat 2: manggy94 (2580)
Seat 3: canuald (2608)
Seat 4: Nikki. (3200)
Seat 5: bab7 (2615)
Seat 6: ceddy (6040)
*** ANTE/BLINDS ***
canuald posts small blind 60
Nikki. posts big blind 120
Dealt to manggy94 [Jh 3d]
*** PRE-FLOP *** 
bab7 folds
ceddy calls 120
carredas833 folds
manggy94 folds
canuald calls 60
Nikki. checks
*** FLOP *** [9c 5s 5c]
canuald checks
Nikki. checks
ceddy bets 180
canuald folds
Nikki. folds
ceddy collected 540 from pot
*** SUMMARY ***
Total pot 540 | No rake
Board: [9c 5s 5c]
Seat 6: ceddy won 540


Winamax Poker - Tournament "Freeroll" buyIn: 0€ + 0€ level: 6 - HandId: #743358787674439853-20-1477673198 - Holdem no limit (60/120) - 2016/10/28 16:46:38 UTC
Table: 'Freeroll(173076705)#172' 6-max (real money) Seat #3 is the button
Seat 1: carredas833 (12432)
Seat 2: manggy94 (2580)
Seat 3: canuald (2488)
Seat 4: Nikki. (3080)
Seat 5: bab7 (2615)
Seat 6: ceddy (6280)
*** ANTE/BLINDS ***
Nikki. posts small blind 60
bab7 posts big blind 120
Dealt to manggy94 [6d Th]
*** PRE-FLOP *** 
ceddy folds
carredas833 calls 120
manggy94 folds
canuald folds
Nikki. folds
bab7 checks
*** FLOP *** [Qd 5c 6c]
bab7 checks
carredas833 bets 120
bab7 calls 120
*** TURN *** [Qd 5c 6c][Js]
bab7 checks
carredas833 bets 120
bab7 calls 120
*** RIVER *** [Qd 5c 6c Js][8d]
bab7 checks
carredas833 bets 120
bab7 calls 120
*** SHOW DOWN ***
bab7 shows [Ad 5d] (One pair : 5)
carredas833 shows [Qs Ks] (One pair : Queens)
carredas833 collected 1020 from pot
*** SUMMARY ***
Total pot 1020 | No rake
Board: [Qd 5c 6c Js 8d]
Seat 1: carredas833 showed [Qs Ks] and won 1020 with One pair : Queens
Seat 5: bab7 (big blind) showed [Ad 5d] and lost with One pair : 5


Winamax Poker - Tournament "Freeroll" buyIn: 0€ + 0€ level: 6 - HandId: #743358787674439853-21-1477673233 - Holdem no limit (60/120) - 2016/10/28 16:47:13 UTC
Table: 'Freeroll(173076705)#172' 6-max (real money) Seat #4 is the button
Seat 1: carredas833 (12972)
Seat 2: manggy94 (2580)
Seat 3: canuald (2488)
Seat 4: Nikki. (3020)
Seat 5: bab7 (2135)
Seat 6: ceddy (6280)
*** ANTE/BLINDS ***
bab7 posts small blind 60
ceddy posts big blind 120
Dealt to manggy94 [5d 4s]
*** PRE-FLOP *** 
carredas833 folds
manggy94 folds
canuald folds
Nikki. raises 2900 to 3020 and is all-in
bab7 folds
ceddy folds
Nikki. collected 3200 from pot
*** SUMMARY ***
Total pot 3200 | No rake
Seat 4: Nikki. (button) won 3200


Winamax Poker - Tournament "Freeroll" buyIn: 0€ + 0€ level: 6 - HandId: #743358787674439853-22-1477673248 - Holdem no limit (60/120) - 2016/10/28 16:47:28 UTC
Table: 'Freeroll(173076705)#172' 6-max (real money) Seat #5 is the button
Seat 1: carredas833 (12972)
Seat 2: manggy94 (2580)
Seat 3: canuald (2488)
Seat 4: Nikki. (3200)
Seat 5: bab7 (2075)
Seat 6: ceddy (6160)
*** ANTE/BLINDS ***
ceddy posts small blind 60
carredas833 posts big blind 120
Dealt to manggy94 [7h 9c]
*** PRE-FLOP *** 
manggy94 folds
canuald raises 240 to 360
Nikki. folds
bab7 folds
ceddy folds
carredas833 folds
canuald collected 540 from pot
*** SUMMARY ***
Total pot 540 | No rake
Seat 3: canuald won 540


Winamax Poker - Tournament "Freeroll" buyIn: 0€ + 0€ level: 6 - HandId: #743358787674439853-23-1477673288 - Holdem no limit (60/120) - 2016/10/28 16:48:08 UTC
Table: 'Freeroll(173076705)#172' 6-max (real money) Seat #6 is the button
Seat 1: carredas833 (12852)
Seat 2: manggy94 (2580)
Seat 3: canuald (2668)
Seat 4: Nikki. (3200)
Seat 5: bab7 (2075)
Seat 6: ceddy (6100)
*** ANTE/BLINDS ***
carredas833 posts small blind 60
manggy94 posts big blind 120
Dealt to manggy94 [4s 5c]
*** PRE-FLOP *** 
canuald calls 120
Nikki. folds
bab7 folds
ceddy folds
carredas833 folds
manggy94 checks
*** FLOP *** [6s 3d Kd]
manggy94 bets 150
canuald calls 150
*** TURN *** [6s 3d Kd][Jh]
manggy94 bets 300
canuald calls 300
*** RIVER *** [6s 3d Kd Jh][8d]
manggy94 checks
canuald checks
*** SHOW DOWN ***
manggy94 shows [4s 5c] (High card : King)
canuald shows [Ts Th] (One pair : Tens)
canuald collected 1200 from pot
*** SUMMARY ***
Total pot 1200 | No rake
Board: [6s 3d Kd Jh 8d]
Seat 2: manggy94 (big blind) showed [4s 5c] and lost with High card : King
Seat 3: canuald showed [Ts Th] and won 1200 with One pair : Tens


Winamax Poker - Tournament "Freeroll" buyIn: 0€ + 0€ level: 7 - HandId: #743358787674439853-24-1477673340 - Holdem no limit (10/60/120) - 2016/10/28 16:49:00 UTC
Table: 'Freeroll(173076705)#172' 6-max (real money) Seat #1 is the button
Seat 1: carredas833 (12792)
Seat 2: manggy94 (2010)
Seat 3: canuald (3298)
Seat 4: Nikki. (3200)
Seat 5: bab7 (2075)
Seat 6: ceddy (6100)
*** ANTE/BLINDS ***
manggy94 posts ante 10
canuald posts ante 10
carredas833 posts ante 10
Nikki. posts ante 10
bab7 posts ante 10
ceddy posts ante 10
manggy94 posts small blind 60
canuald posts big blind 120
Dealt to manggy94 [Ad 4c]
*** PRE-FLOP *** 
Nikki. folds
bab7 calls 120
ceddy folds
carredas833 folds
manggy94 calls 60
canuald checks
*** FLOP *** [2c Qc Ac]
manggy94 bets 1880 and is all-in
canuald folds
bab7 raises 65 to 1945 and is all-in
*** TURN *** [2c Qc Ac][5d]
*** RIVER *** [2c Qc Ac 5d][4s]
*** SHOW DOWN ***
manggy94 shows [Ad 4c] (Two pairs : Aces and 4)
bab7 shows [Jd Jc] (One pair : Jacks)
bab7 collected 65 from side pot 1
manggy94 collected 4180 from main pot
*** SUMMARY ***
Total pot 4245 | No rake
Board: [2c Qc Ac 5d 4s]
Seat 2: manggy94 (small blind) showed [Ad 4c] and won 4180 with Two pairs : Aces and 4
Seat 5: bab7 showed [Jd Jc] and won 65 with One pair : Jacks


Winamax Poker - Tournament "Freeroll" buyIn: 0€ + 0€ level: 7 - HandId: #743358787674439853-25-1477673377 - Holdem no limit (10/60/120) - 2016/10/28 16:49:37 UTC
Table: 'Freeroll(173076705)#172' 6-max (real money) Seat #2 is the button
Seat 1: carredas833 (12782)
Seat 2: manggy94 (4180)
Seat 3: canuald (3168)
Seat 4: Nikki. (3190)
Seat 5: bab7 (65)
Seat 6: ceddy (6090)
*** ANTE/BLINDS ***
canuald posts ante 10
Nikki. posts ante 10
carredas833 posts ante 10
manggy94 posts ante 10
bab7 posts ante 10
ceddy posts ante 10
canuald posts small blind 60
Nikki. posts big blind 120
Dealt to manggy94 [9c 3d]
*** PRE-FLOP *** 
bab7 calls 55 and is all-in
ceddy folds
carredas833 folds
manggy94 folds
canuald calls 60
Nikki. raises 3060 to 3180 and is all-in
canuald calls 3038 and is all-in
*** FLOP *** [Kc 6s Jd]
*** TURN *** [Kc 6s Jd][7s]
*** RIVER *** [Kc 6s Jd 7s][8s]
*** SHOW DOWN ***
canuald shows [5h 5c] (One pair : 5)
bab7 shows [5d 3s] (High card : King)
Nikki. shows [Kd Ks] (Trips of Kings)
Nikki. collected 6453 from pot
*** SUMMARY ***
Total pot 6453 | No rake
Board: [Kc 6s Jd 7s 8s]
Seat 3: canuald (small blind) showed [5h 5c] and lost with One pair : 5
Seat 4: Nikki. (big blind) showed [Kd Ks] and won 6453 with Trips of Kings
Seat 5: bab7 showed [5d 3s] and lost with High card : King


Winamax Poker - Tournament "Freeroll" buyIn: 0€ + 0€ level: 7 - HandId: #743358787674439853-26-1477673409 - Holdem no limit (10/60/120) - 2016/10/28 16:50:09 UTC
Table: 'Freeroll(173076705)#172' 6-max (real money) Seat #3 is the button
Seat 1: carredas833 (12772)
Seat 2: manggy94 (4170)
Seat 3: CValentin (2520)
Seat 4: Nikki. (6453)
Seat 6: ceddy (6080)
*** ANTE/BLINDS ***
Nikki. posts ante 10
ceddy posts ante 10
carredas833 posts ante 10
manggy94 posts ante 10
Nikki. posts small blind 60
ceddy posts big blind 120
Dealt to manggy94 [3c 9s]
*** PRE-FLOP *** 
carredas833 folds
manggy94 folds
Nikki. raises 6323 to 6443 and is all-in
ceddy folds
Nikki. collected 6603 from pot
*** SUMMARY ***
Total pot 6603 | No rake
Seat 4: Nikki. (small blind) won 6603


Winamax Poker - Tournament "Freeroll" buyIn: 0€ + 0€ level: 7 - HandId: #743358787674439853-27-1477673424 - Holdem no limit (10/60/120) - 2016/10/28 16:50:24 UTC
Table: 'Freeroll(173076705)#172' 6-max (real money) Seat #4 is the button
Seat 1: carredas833 (12762)
Seat 2: manggy94 (4160)
Seat 3: CValentin (2520)
Seat 4: Nikki. (6603)
Seat 5: silver20121 (2730)
Seat 6: ceddy (5950)
*** ANTE/BLINDS ***
ceddy posts ante 10
carredas833 posts ante 10
manggy94 posts ante 10
CValentin posts ante 10
Nikki. posts ante 10
ceddy posts small blind 60
carredas833 posts big blind 120
Dealt to manggy94 [9s 7d]
*** PRE-FLOP *** 
manggy94 folds
CValentin folds
Nikki. raises 6473 to 6593 and is all-in
ceddy folds
carredas833 folds
Nikki. collected 6823 from pot
*** SUMMARY ***
Total pot 6823 | No rake
Seat 4: Nikki. (button) won 6823


Winamax Poker - Tournament "Freeroll" buyIn: 0€ + 0€ level: 7 - HandId: #743358787674439853-28-1477673438 - Holdem no limit (10/60/120) - 2016/10/28 16:50:38 UTC
Table: 'Freeroll(173076705)#172' 6-max (real money) Seat #6 is the button
Seat 1: carredas833 (12632)
Seat 2: manggy94 (4150)
Seat 3: CValentin (2510)
Seat 4: Nikki. (6823)
Seat 5: silver20121 (2730)
Seat 6: ceddy (5880)
*** ANTE/BLINDS ***
carredas833 posts ante 10
manggy94 posts ante 10
CValentin posts ante 10
Nikki. posts ante 10
silver20121 posts ante 10
ceddy posts ante 10
carredas833 posts small blind 60
manggy94 posts big blind 120
Dealt to manggy94 [Js 5h]
*** PRE-FLOP *** 
CValentin folds
Nikki. raises 6693 to 6813 and is all-in
silver20121 folds
ceddy folds
carredas833 folds
manggy94 folds
Nikki. collected 7053 from pot
*** SUMMARY ***
Total pot 7053 | No rake
Seat 4: Nikki. won 7053


Winamax Poker - Tournament "Freeroll" buyIn: 0€ + 0€ level: 7 - HandId: #743358787674439853-29-1477673456 - Holdem no limit (10/60/120) - 2016/10/28 16:50:56 UTC
Table: 'Freeroll(173076705)#172' 6-max (real money) Seat #1 is the button
Seat 1: carredas833 (12562)
Seat 2: manggy94 (4020)
Seat 3: CValentin (2500)
Seat 4: Nikki. (7053)
Seat 5: silver20121 (2720)
Seat 6: ceddy (5870)
*** ANTE/BLINDS ***
manggy94 posts ante 10
CValentin posts ante 10
carredas833 posts ante 10
Nikki. posts ante 10
silver20121 posts ante 10
ceddy posts ante 10
manggy94 posts small blind 60
CValentin posts big blind 120
Dealt to manggy94 [3s Kc]
*** PRE-FLOP *** 
Nikki. folds
silver20121 folds
ceddy folds
carredas833 folds
manggy94 raises 120 to 240
CValentin folds
manggy94 collected 420 from pot
*** SUMMARY ***
Total pot 420 | No rake
Seat 2: manggy94 (small blind) won 420


Winamax Poker - Tournament "Freeroll" buyIn: 0€ + 0€ level: 7 - HandId: #743358787674439853-30-1477673478 - Holdem no limit (10/60/120) - 2016/10/28 16:51:18 UTC
Table: 'Freeroll(173076705)#172' 6-max (real money) Seat #2 is the button
Seat 1: carredas833 (12552)
Seat 2: manggy94 (4190)
Seat 3: CValentin (2370)
Seat 4: Nikki. (7043)
Seat 5: silver20121 (2710)
Seat 6: ceddy (5860)
*** ANTE/BLINDS ***
CValentin posts ante 10
Nikki. posts ante 10
carredas833 posts ante 10
manggy94 posts ante 10
silver20121 posts ante 10
ceddy posts ante 10
CValentin posts small blind 60
Nikki. posts big blind 120
Dealt to manggy94 [8d 3d]
*** PRE-FLOP *** 
silver20121 raises 180 to 300
ceddy folds
carredas833 folds
manggy94 folds
CValentin folds
Nikki. folds
silver20121 collected 540 from pot
*** SUMMARY ***
Total pot 540 | No rake
Seat 5: silver20121 won 540


Winamax Poker - Tournament "Freeroll" buyIn: 0€ + 0€ level: 8 - HandId: #743358787674439853-31-1477673504 - Holdem no limit (15/75/150) - 2016/10/28 16:51:44 UTC
Table: 'Freeroll(173076705)#172' 6-max (real money) Seat #3 is the button
Seat 1: carredas833 (12542)
Seat 2: manggy94 (4180)
Seat 3: CValentin (2300)
Seat 4: Nikki. (6913)
Seat 5: silver20121 (2940)
Seat 6: ceddy (5850)
*** ANTE/BLINDS ***
Nikki. posts ante 15
silver20121 posts ante 15
carredas833 posts ante 15
manggy94 posts ante 15
CValentin posts ante 15
ceddy posts ante 15
Nikki. posts small blind 75
silver20121 posts big blind 150
Dealt to manggy94 [9d Qs]
*** PRE-FLOP *** 
ceddy folds
carredas833 folds
manggy94 folds
CValentin folds
Nikki. folds
silver20121 collected 315 from pot
*** SUMMARY ***
Total pot 315 | No rake
Seat 5: silver20121 (big blind) won 315


Winamax Poker - Tournament "Freeroll" buyIn: 0€ + 0€ level: 8 - HandId: #743358787674439853-32-1477673516 - Holdem no limit (15/75/150) - 2016/10/28 16:51:56 UTC
Table: 'Freeroll(173076705)#172' 6-max (real money) Seat #4 is the button
Seat 1: carredas833 (12527)
Seat 2: manggy94 (4165)
Seat 3: CValentin (2285)
Seat 4: Nikki. (6823)
Seat 5: silver20121 (3090)
Seat 6: ceddy (5835)
*** ANTE/BLINDS ***
silver20121 posts ante 15
ceddy posts ante 15
carredas833 posts ante 15
manggy94 posts ante 15
CValentin posts ante 15
Nikki. posts ante 15
silver20121 posts small blind 75
ceddy posts big blind 150
Dealt to manggy94 [7d 9d]
*** PRE-FLOP *** 
carredas833 folds
manggy94 calls 150
CValentin folds
Nikki. folds
silver20121 calls 75
ceddy checks
*** FLOP *** [6c 3h 2d]
silver20121 checks
ceddy checks
manggy94 checks
*** TURN *** [6c 3h 2d][7h]
silver20121 bets 360
ceddy folds
manggy94 raises 360 to 720
silver20121 folds
manggy94 collected 1620 from pot
*** SUMMARY ***
Total pot 1620 | No rake
Board: [6c 3h 2d 7h]
Seat 2: manggy94 won 1620


Winamax Poker - Tournament "Freeroll" buyIn: 0€ + 0€ level: 8 - HandId: #743358787674439853-33-1477673576 - Holdem no limit (15/75/150) - 2016/10/28 16:52:56 UTC
Table: 'Freeroll(173076705)#172' 6-max (real money) Seat #5 is the button
Seat 1: carredas833 (12512)
Seat 2: manggy94 (4900)
Seat 3: CValentin (2270)
Seat 4: Nikki. (6808)
Seat 5: silver20121 (2565)
Seat 6: ceddy (5670)
*** ANTE/BLINDS ***
ceddy posts ante 15
carredas833 posts ante 15
manggy94 posts ante 15
CValentin posts ante 15
Nikki. posts ante 15
silver20121 posts ante 15
ceddy posts small blind 75
carredas833 posts big blind 150
Dealt to manggy94 [2c Ad]
*** PRE-FLOP *** 
manggy94 raises 150 to 300
CValentin folds
Nikki. folds
silver20121 folds
ceddy folds
carredas833 folds
manggy94 collected 615 from pot
*** SUMMARY ***
Total pot 615 | No rake
Seat 2: manggy94 won 615


Winamax Poker - Tournament "Freeroll" buyIn: 0€ + 0€ level: 8 - HandId: #743358787674439853-34-1477673591 - Holdem no limit (15/75/150) - 2016/10/28 16:53:11 UTC
Table: 'Freeroll(173076705)#172' 6-max (real money) Seat #6 is the button
Seat 1: carredas833 (12347)
Seat 2: manggy94 (5200)
Seat 3: CValentin (2255)
Seat 4: Nikki. (6793)
Seat 5: silver20121 (2550)
Seat 6: ceddy (5580)
*** ANTE/BLINDS ***
carredas833 posts ante 15
manggy94 posts ante 15
CValentin posts ante 15
Nikki. posts ante 15
silver20121 posts ante 15
ceddy posts ante 15
carredas833 posts small blind 75
manggy94 posts big blind 150
Dealt to manggy94 [Qc As]
*** PRE-FLOP *** 
CValentin folds
Nikki. folds
silver20121 calls 150
ceddy folds
carredas833 folds
manggy94 raises 465 to 615
silver20121 calls 465
*** FLOP *** [5s Js 4s]
manggy94 bets 698
silver20121 calls 698
*** TURN *** [5s Js 4s][Tc]
manggy94 checks
silver20121 checks
*** RIVER *** [5s Js 4s Tc][3c]
manggy94 checks
silver20121 checks
*** SHOW DOWN ***
silver20121 shows [7s Kh] (High card : King)
manggy94 shows [Qc As] (High card : Ace)
manggy94 collected 2791 from pot
*** SUMMARY ***
Total pot 2791 | No rake
Board: [5s Js 4s Tc 3c]
Seat 2: manggy94 (big blind) showed [Qc As] and won 2791 with High card : Ace
Seat 5: silver20121 showed [7s Kh] and lost with High card : King


Winamax Poker - Tournament "Freeroll" buyIn: 0€ + 0€ level: 8 - HandId: #743358787674439853-35-1477673648 - Holdem no limit (15/75/150) - 2016/10/28 16:54:08 UTC
Table: 'Freeroll(173076705)#172' 6-max (real money) Seat #1 is the button
Seat 1: carredas833 (12257)
Seat 2: manggy94 (6663)
Seat 3: CValentin (2240)
Seat 4: Nikki. (6778)
Seat 5: silver20121 (1222)
Seat 6: ceddy (5565)
*** ANTE/BLINDS ***
manggy94 posts ante 15
CValentin posts ante 15
carredas833 posts ante 15
Nikki. posts ante 15
silver20121 posts ante 15
ceddy posts ante 15
manggy94 posts small blind 75
CValentin posts big blind 150
Dealt to manggy94 [Qh 6d]
*** PRE-FLOP *** 
Nikki. folds
silver20121 folds
ceddy folds
carredas833 folds
manggy94 raises 150 to 300
CValentin folds
manggy94 collected 540 from pot
*** SUMMARY ***
Total pot 540 | No rake
Seat 2: manggy94 (small blind) won 540


Winamax Poker - Tournament "Freeroll" buyIn: 0€ + 0€ level: 8 - HandId: #743358787674439853-36-1477673660 - Holdem no limit (15/75/150) - 2016/10/28 16:54:20 UTC
Table: 'Freeroll(173076705)#172' 6-max (real money) Seat #2 is the button
Seat 1: carredas833 (12242)
Seat 2: manggy94 (6888)
Seat 3: CValentin (2075)
Seat 4: Nikki. (6763)
Seat 5: silver20121 (1207)
Seat 6: ceddy (5550)
*** ANTE/BLINDS ***
CValentin posts ante 15
Nikki. posts ante 15
carredas833 posts ante 15
manggy94 posts ante 15
silver20121 posts ante 15
ceddy posts ante 15
CValentin posts small blind 75
Nikki. posts big blind 150
Dealt to manggy94 [Jh 5c]
*** PRE-FLOP *** 
silver20121 folds
ceddy raises 300 to 450
carredas833 folds
manggy94 folds
CValentin folds
Nikki. folds
ceddy collected 765 from pot
*** SUMMARY ***
Total pot 765 | No rake
Seat 6: ceddy won 765


Winamax Poker - Tournament "Freeroll" buyIn: 0€ + 0€ level: 9 - HandId: #743358787674439853-37-1477673695 - Holdem no limit (20/100/200) - 2016/10/28 16:54:55 UTC
Table: 'Freeroll(173076705)#172' 6-max (real money) Seat #3 is the button
Seat 1: carredas833 (12227)
Seat 2: manggy94 (6873)
Seat 3: CValentin (1985)
Seat 4: Nikki. (6598)
Seat 5: silver20121 (1192)
Seat 6: ceddy (5850)
*** ANTE/BLINDS ***
Nikki. posts ante 20
silver20121 posts ante 20
carredas833 posts ante 20
manggy94 posts ante 20
CValentin posts ante 20
ceddy posts ante 20
Nikki. posts small blind 100
silver20121 posts big blind 200
Dealt to manggy94 [Td Jc]
*** PRE-FLOP *** 
ceddy raises 400 to 600
carredas833 folds
manggy94 calls 600
CValentin folds
Nikki. folds
silver20121 calls 400
*** FLOP *** [5c 7d 2d]
silver20121 checks
ceddy bets 5230 and is all-in
manggy94 folds
silver20121 folds
ceddy collected 7250 from pot
*** SUMMARY ***
Total pot 7250 | No rake
Board: [5c 7d 2d]
Seat 6: ceddy won 7250


Winamax Poker - Tournament "Freeroll" buyIn: 0€ + 0€ level: 9 - HandId: #743358787674439853-38-1477674003 - Holdem no limit (20/100/200) - 2016/10/28 17:00:03 UTC
Table: 'Freeroll(173076705)#172' 6-max (real money) Seat #4 is the button
Seat 1: carredas833 (12207)
Seat 2: manggy94 (6253)
Seat 3: CValentin (1965)
Seat 4: Nikki. (6478)
Seat 5: silver20121 (572)
Seat 6: ceddy (7250)
*** ANTE/BLINDS ***
silver20121 posts ante 20
ceddy posts ante 20
carredas833 posts ante 20
manggy94 posts ante 20
CValentin posts ante 20
Nikki. posts ante 20
silver20121 posts small blind 100
ceddy posts big blind 200
Dealt to manggy94 [Ah 7s]
*** PRE-FLOP *** 
carredas833 folds
manggy94 raises 200 to 400
CValentin folds
Nikki. folds
silver20121 folds
ceddy folds
manggy94 collected 820 from pot
*** SUMMARY ***
Total pot 820 | No rake
Seat 2: manggy94 won 820


Winamax Poker - Tournament "Freeroll" buyIn: 0€ + 0€ level: 9 - HandId: #743358787674439853-39-1477674032 - Holdem no limit (20/100/200) - 2016/10/28 17:00:32 UTC
Table: 'Freeroll(173076705)#172' 6-max (real money) Seat #5 is the button
Seat 1: carredas833 (12187)
Seat 2: manggy94 (6653)
Seat 3: CValentin (1945)
Seat 4: Nikki. (6458)
Seat 5: silver20121 (452)
Seat 6: ceddy (7030)
*** ANTE/BLINDS ***
ceddy posts ante 20
carredas833 posts ante 20
manggy94 posts ante 20
CValentin posts ante 20
Nikki. posts ante 20
silver20121 posts ante 20
ceddy posts small blind 100
carredas833 posts big blind 200
Dealt to manggy94 [7c Js]
*** PRE-FLOP *** 
manggy94 folds
CValentin folds
Nikki. folds
silver20121 folds
ceddy calls 100
carredas833 folds
ceddy collected 520 from pot
*** SUMMARY ***
Total pot 520 | No rake
Seat 6: ceddy (small blind) won 520


Winamax Poker - Tournament "Freeroll" buyIn: 0€ + 0€ level: 9 - HandId: #743358787674439853-40-1477674052 - Holdem no limit (20/100/200) - 2016/10/28 17:00:52 UTC
Table: 'Freeroll(173076705)#172' 6-max (real money) Seat #6 is the button
Seat 1: carredas833 (11967)
Seat 2: manggy94 (6633)
Seat 3: CValentin (1925)
Seat 4: Nikki. (6438)
Seat 5: silver20121 (432)
Seat 6: ceddy (7330)
*** ANTE/BLINDS ***
carredas833 posts ante 20
manggy94 posts ante 20
CValentin posts ante 20
Nikki. posts ante 20
silver20121 posts ante 20
ceddy posts ante 20
carredas833 posts small blind 100
manggy94 posts big blind 200
Dealt to manggy94 [4d Js]
*** PRE-FLOP *** 
CValentin folds
Nikki. raises 6218 to 6418 and is all-in
silver20121 folds
ceddy folds
carredas833 folds
manggy94 folds
Nikki. collected 6838 from pot
*** SUMMARY ***
Total pot 6838 | No rake
Seat 4: Nikki. won 6838


Winamax Poker - Tournament "Freeroll" buyIn: 0€ + 0€ level: 9 - HandId: #743358787674439853-41-1477674069 - Holdem no limit (20/100/200) - 2016/10/28 17:01:09 UTC
Table: 'Freeroll(173076705)#172' 6-max (real money) Seat #1 is the button
Seat 1: carredas833 (11847)
Seat 2: manggy94 (6413)
Seat 3: CValentin (1905)
Seat 4: Nikki. (6838)
Seat 5: silver20121 (412)
Seat 6: ceddy (7310)
*** ANTE/BLINDS ***
manggy94 posts ante 20
CValentin posts ante 20
carredas833 posts ante 20
Nikki. posts ante 20
silver20121 posts ante 20
ceddy posts ante 20
manggy94 posts small blind 100
CValentin posts big blind 200
Dealt to manggy94 [Jc 8c]
*** PRE-FLOP *** 
Nikki. folds
silver20121 folds
ceddy folds
carredas833 folds
manggy94 raises 200 to 400
CValentin folds
manggy94 collected 720 from pot
*** SUMMARY ***
Total pot 720 | No rake
Seat 2: manggy94 (small blind) won 720


Winamax Poker - Tournament "Freeroll" buyIn: 0€ + 0€ level: 9 - HandId: #743358787674439853-42-1477674091 - Holdem no limit (20/100/200) - 2016/10/28 17:01:31 UTC
Table: 'Freeroll(173076705)#172' 6-max (real money) Seat #2 is the button
Seat 1: carredas833 (11827)
Seat 2: manggy94 (6713)
Seat 3: CValentin (1685)
Seat 4: Nikki. (6818)
Seat 5: silver20121 (392)
Seat 6: ceddy (7290)
*** ANTE/BLINDS ***
CValentin posts ante 20
Nikki. posts ante 20
carredas833 posts ante 20
manggy94 posts ante 20
silver20121 posts ante 20
ceddy posts ante 20
CValentin posts small blind 100
Nikki. posts big blind 200
Dealt to manggy94 [7d 9d]
*** PRE-FLOP *** 
silver20121 raises 172 to 372 and is all-in
ceddy calls 372
carredas833 folds
manggy94 calls 372
CValentin folds
Nikki. folds
*** FLOP *** [Qs Ks 6s]
ceddy checks
manggy94 checks
*** TURN *** [Qs Ks 6s][2s]
ceddy checks
manggy94 checks
*** RIVER *** [Qs Ks 6s 2s][Ac]
ceddy checks
manggy94 checks
*** SHOW DOWN ***
manggy94 shows [7d 9d] (High card : Ace)
silver20121 shows [Kc Tc] (One pair : Kings)
ceddy shows [9s 9c] (Flush King high)
ceddy collected 1536 from pot
*** SUMMARY ***
Total pot 1536 | No rake
Board: [Qs Ks 6s 2s Ac]
Seat 2: manggy94 (button) showed [7d 9d] and lost with High card : Ace
Seat 5: silver20121 showed [Kc Tc] and lost with One pair : Kings
Seat 6: ceddy showed [9s 9c] and won 1536 with Flush King high


Winamax Poker - Tournament "Freeroll" buyIn: 0€ + 0€ level: 9 - HandId: #743358787674439853-43-1477674131 - Holdem no limit (20/100/200) - 2016/10/28 17:02:11 UTC
Table: 'Freeroll(173076705)#172' 6-max (real money) Seat #3 is the button
Seat 1: carredas833 (11807)
Seat 2: manggy94 (6321)
Seat 3: CValentin (1565)
Seat 4: Nikki. (6598)
Seat 6: ceddy (8434)
*** ANTE/BLINDS ***
Nikki. posts ante 20
ceddy posts ante 20
carredas833 posts ante 20
manggy94 posts ante 20
CValentin posts ante 20
Nikki. posts small blind 100
ceddy posts big blind 200
Dealt to manggy94 [Qc Ah]
*** PRE-FLOP *** 
carredas833 folds
manggy94 raises 400 to 600
CValentin folds
Nikki. folds
ceddy folds
manggy94 collected 1000 from pot
*** SUMMARY ***
Total pot 1000 | No rake
Seat 2: manggy94 won 1000


Winamax Poker - Tournament "Freeroll" buyIn: 0€ + 0€ level: 10 - HandId: #743358787674439853-44-1477674147 - Holdem no limit (25/125/250) - 2016/10/28 17:02:27 UTC
Table: 'Freeroll(173076705)#172' 6-max (real money) Seat #4 is the button
Seat 1: carredas833 (11787)
Seat 2: manggy94 (6701)
Seat 3: CValentin (1545)
Seat 4: Nikki. (6478)
Seat 5: Tijuleo (11975)
Seat 6: ceddy (8214)
*** ANTE/BLINDS ***
ceddy posts ante 25
carredas833 posts ante 25
manggy94 posts ante 25
CValentin posts ante 25
Nikki. posts ante 25
ceddy posts small blind 125
carredas833 posts big blind 250
Dealt to manggy94 [Kc Ah]
*** PRE-FLOP *** 
manggy94 raises 250 to 500
CValentin folds
Nikki. folds
ceddy folds
carredas833 folds
manggy94 collected 1000 from pot
*** SUMMARY ***
Total pot 1000 | No rake
Seat 2: manggy94 won 1000


Winamax Poker - Tournament "Freeroll" buyIn: 0€ + 0€ level: 10 - HandId: #743358787674439853-45-1477674159 - Holdem no limit (25/125/250) - 2016/10/28 17:02:39 UTC
Table: 'Freeroll(173076705)#172' 6-max (real money) Seat #6 is the button
Seat 1: carredas833 (11512)
Seat 2: manggy94 (7176)
Seat 3: CValentin (1520)
Seat 4: Nikki. (6453)
Seat 5: Tijuleo (11975)
Seat 6: ceddy (8064)
*** ANTE/BLINDS ***
carredas833 posts ante 25
manggy94 posts ante 25
CValentin posts ante 25
Nikki. posts ante 25
Tijuleo posts ante 25
ceddy posts ante 25
carredas833 posts small blind 125
manggy94 posts big blind 250
Dealt to manggy94 [6c Kc]
*** PRE-FLOP *** 
CValentin folds
Nikki. folds
Tijuleo folds
ceddy folds
carredas833 folds
manggy94 collected 525 from pot
*** SUMMARY ***
Total pot 525 | No rake
Seat 2: manggy94 (big blind) won 525


Winamax Poker - Tournament "Freeroll" buyIn: 0€ + 0€ level: 10 - HandId: #743358787674439853-46-1477674175 - Holdem no limit (25/125/250) - 2016/10/28 17:02:55 UTC
Table: 'Freeroll(173076705)#172' 6-max (real money) Seat #1 is the button
Seat 1: carredas833 (11362)
Seat 2: manggy94 (7426)
Seat 3: CValentin (1495)
Seat 4: Nikki. (6428)
Seat 5: Tijuleo (11950)
Seat 6: ceddy (8039)
*** ANTE/BLINDS ***
manggy94 posts ante 25
CValentin posts ante 25
carredas833 posts ante 25
Nikki. posts ante 25
Tijuleo posts ante 25
ceddy posts ante 25
manggy94 posts small blind 125
CValentin posts big blind 250
Dealt to manggy94 [Jh 6h]
*** PRE-FLOP *** 
Nikki. folds
Tijuleo folds
ceddy folds
carredas833 folds
manggy94 raises 250 to 500
CValentin folds
manggy94 collected 900 from pot
*** SUMMARY ***
Total pot 900 | No rake
Seat 2: manggy94 (small blind) won 900


Winamax Poker - Tournament "Freeroll" buyIn: 0€ + 0€ level: 10 - HandId: #743358787674439853-47-1477674197 - Holdem no limit (25/125/250) - 2016/10/28 17:03:17 UTC
Table: 'Freeroll(173076705)#172' 6-max (real money) Seat #2 is the button
Seat 1: carredas833 (11337)
Seat 2: manggy94 (7801)
Seat 3: CValentin (1220)
Seat 4: Nikki. (6403)
Seat 5: Tijuleo (11925)
Seat 6: ceddy (8014)
*** ANTE/BLINDS ***
CValentin posts ante 25
Nikki. posts ante 25
carredas833 posts ante 25
manggy94 posts ante 25
Tijuleo posts ante 25
ceddy posts ante 25
CValentin posts small blind 125
Nikki. posts big blind 250
Dealt to manggy94 [3s 7s]
*** PRE-FLOP *** 
Tijuleo folds
ceddy folds
carredas833 folds
manggy94 folds
CValentin folds
Nikki. collected 525 from pot
*** SUMMARY ***
Total pot 525 | No rake
Seat 4: Nikki. (big blind) won 525


Winamax Poker - Tournament "Freeroll" buyIn: 0€ + 0€ level: 10 - HandId: #743358787674439853-48-1477674218 - Holdem no limit (25/125/250) - 2016/10/28 17:03:38 UTC
Table: 'Freeroll(173076705)#172' 6-max (real money) Seat #3 is the button
Seat 1: carredas833 (11312)
Seat 2: manggy94 (7776)
Seat 3: CValentin (1070)
Seat 4: Nikki. (6653)
Seat 5: Tijuleo (11900)
Seat 6: ceddy (7989)
*** ANTE/BLINDS ***
Nikki. posts ante 25
Tijuleo posts ante 25
carredas833 posts ante 25
manggy94 posts ante 25
CValentin posts ante 25
ceddy posts ante 25
Nikki. posts small blind 125
Tijuleo posts big blind 250
Dealt to manggy94 [8s 7d]
*** PRE-FLOP *** 
ceddy folds
carredas833 folds
manggy94 raises 250 to 500
CValentin folds
Nikki. folds
Tijuleo folds
manggy94 collected 1025 from pot
*** SUMMARY ***
Total pot 1025 | No rake
Seat 2: manggy94 won 1025


Winamax Poker - Tournament "Freeroll" buyIn: 0€ + 0€ level: 10 - HandId: #743358787674439853-49-1477674241 - Holdem no limit (25/125/250) - 2016/10/28 17:04:01 UTC
Table: 'Freeroll(173076705)#172' 6-max (real money) Seat #4 is the button
Seat 1: carredas833 (11287)
Seat 2: manggy94 (8276)
Seat 3: CValentin (1045)
Seat 4: Nikki. (6503)
Seat 5: Tijuleo (11625)
Seat 6: ceddy (7964)
*** ANTE/BLINDS ***
Tijuleo posts ante 25
ceddy posts ante 25
carredas833 posts ante 25
manggy94 posts ante 25
CValentin posts ante 25
Nikki. posts ante 25
Tijuleo posts small blind 125
ceddy posts big blind 250
Dealt to manggy94 [Qs 2d]
*** PRE-FLOP *** 
carredas833 folds
manggy94 folds
CValentin folds
Nikki. folds
Tijuleo folds
ceddy collected 525 from pot
*** SUMMARY ***
Total pot 525 | No rake
Seat 6: ceddy (big blind) won 525


Winamax Poker - Tournament "Freeroll" buyIn: 0€ + 0€ level: 10 - HandId: #743358787674439853-50-1477674252 - Holdem no limit (25/125/250) - 2016/10/28 17:04:12 UTC
Table: 'Freeroll(173076705)#172' 6-max (real money) Seat #5 is the button
Seat 1: carredas833 (11262)
Seat 2: manggy94 (8251)
Seat 3: CValentin (1020)
Seat 4: Nikki. (6478)
Seat 5: Tijuleo (11475)
Seat 6: ceddy (8214)
*** ANTE/BLINDS ***
ceddy posts ante 25
carredas833 posts ante 25
manggy94 posts ante 25
CValentin posts ante 25
Nikki. posts ante 25
Tijuleo posts ante 25
ceddy posts small blind 125
carredas833 posts big blind 250
Dealt to manggy94 [2s 6s]
*** PRE-FLOP *** 
manggy94 calls 250
CValentin folds
Nikki. folds
Tijuleo folds
ceddy calls 125
carredas833 folds
*** FLOP *** [Ks 5c Jd]
ceddy checks
manggy94 bets 250
ceddy folds
manggy94 collected 1150 from pot
*** SUMMARY ***
Total pot 1150 | No rake
Board: [Ks 5c Jd]
Seat 2: manggy94 won 1150


Winamax Poker - Tournament "Freeroll" buyIn: 0€ + 0€ level: 10 - HandId: #743358787674439853-51-1477674271 - Holdem no limit (25/125/250) - 2016/10/28 17:04:31 UTC
Table: 'Freeroll(173076705)#172' 6-max (real money) Seat #6 is the button
Seat 1: carredas833 (10987)
Seat 2: manggy94 (8876)
Seat 3: CValentin (995)
Seat 4: Nikki. (6453)
Seat 5: Tijuleo (11450)
Seat 6: ceddy (7939)
*** ANTE/BLINDS ***
carredas833 posts ante 25
manggy94 posts ante 25
CValentin posts ante 25
Nikki. posts ante 25
Tijuleo posts ante 25
ceddy posts ante 25
carredas833 posts small blind 125
manggy94 posts big blind 250
Dealt to manggy94 [8d Kd]
*** PRE-FLOP *** 
CValentin folds
Nikki. folds
Tijuleo folds
ceddy raises 250 to 500
carredas833 folds
manggy94 calls 250
*** FLOP *** [2s 3d 6d]
manggy94 bets 250
ceddy raises 250 to 500
manggy94 calls 250
*** TURN *** [2s 3d 6d][4c]
manggy94 checks
ceddy bets 750
manggy94 folds
ceddy collected 3025 from pot
*** SUMMARY ***
Total pot 3025 | No rake
Board: [2s 3d 6d 4c]
Seat 6: ceddy (button) won 3025


Winamax Poker - Tournament "Freeroll" buyIn: 0€ + 0€ level: 10 - HandId: #743358787674439853-52-1477674305 - Holdem no limit (25/125/250) - 2016/10/28 17:05:05 UTC
Table: 'Freeroll(173076705)#172' 6-max (real money) Seat #1 is the button
Seat 1: carredas833 (10837)
Seat 2: manggy94 (7851)
Seat 3: CValentin (970)
Seat 4: Nikki. (6428)
Seat 5: Tijuleo (11425)
Seat 6: ceddy (9189)
*** ANTE/BLINDS ***
manggy94 posts ante 25
CValentin posts ante 25
carredas833 posts ante 25
Nikki. posts ante 25
Tijuleo posts ante 25
ceddy posts ante 25
manggy94 posts small blind 125
CValentin posts big blind 250
Dealt to manggy94 [Jc 9d]
*** PRE-FLOP *** 
Nikki. folds
Tijuleo folds
ceddy calls 250
carredas833 folds
manggy94 calls 125
CValentin folds
*** FLOP *** [2d Ad 6c]
manggy94 checks
ceddy bets 450
manggy94 folds
ceddy collected 1350 from pot
*** SUMMARY ***
Total pot 1350 | No rake
Board: [2d Ad 6c]
Seat 6: ceddy won 1350


Winamax Poker - Tournament "Freeroll" buyIn: 0€ + 0€ level: 11 - HandId: #743358787674439853-53-1477674326 - Holdem no limit (35/150/300) - 2016/10/28 17:05:26 UTC
Table: 'Freeroll(173076705)#172' 6-max (real money) Seat #2 is the button
Seat 1: carredas833 (10812)
Seat 2: manggy94 (7576)
Seat 3: CValentin (695)
Seat 4: Nikki. (6403)
Seat 5: Tijuleo (11400)
Seat 6: ceddy (9814)
*** ANTE/BLINDS ***
CValentin posts ante 35
Nikki. posts ante 35
carredas833 posts ante 35
manggy94 posts ante 35
Tijuleo posts ante 35
ceddy posts ante 35
CValentin posts small blind 150
Nikki. posts big blind 300
Dealt to manggy94 [5c 3d]
*** PRE-FLOP *** 
Tijuleo folds
ceddy raises 300 to 600
carredas833 folds
manggy94 folds
CValentin folds
Nikki. folds
ceddy collected 1260 from pot
*** SUMMARY ***
Total pot 1260 | No rake
Seat 6: ceddy won 1260


Winamax Poker - Tournament "Freeroll" buyIn: 0€ + 0€ level: 11 - HandId: #743358787674439853-54-1477674339 - Holdem no limit (35/150/300) - 2016/10/28 17:05:39 UTC
Table: 'Freeroll(173076705)#172' 6-max (real money) Seat #3 is the button
Seat 1: carredas833 (10777)
Seat 2: manggy94 (7541)
Seat 3: CValentin (510)
Seat 4: Nikki. (6068)
Seat 5: Tijuleo (11365)
Seat 6: ceddy (10439)
*** ANTE/BLINDS ***
Nikki. posts ante 35
Tijuleo posts ante 35
carredas833 posts ante 35
manggy94 posts ante 35
CValentin posts ante 35
ceddy posts ante 35
Nikki. posts small blind 150
Tijuleo posts big blind 300
Dealt to manggy94 [7c 7d]
*** PRE-FLOP *** 
ceddy folds
carredas833 folds
manggy94 raises 300 to 600
CValentin folds
Nikki. folds
Tijuleo folds
manggy94 collected 1260 from pot
*** SUMMARY ***
Total pot 1260 | No rake
Seat 2: manggy94 won 1260


Winamax Poker - Tournament "Freeroll" buyIn: 0€ + 0€ level: 11 - HandId: #743358787674439853-55-1477674351 - Holdem no limit (35/150/300) - 2016/10/28 17:05:51 UTC
Table: 'Freeroll(173076705)#172' 6-max (real money) Seat #4 is the button
Seat 1: carredas833 (10742)
Seat 2: manggy94 (8166)
Seat 3: CValentin (475)
Seat 4: Nikki. (5883)
Seat 5: Tijuleo (11030)
Seat 6: ceddy (10404)
*** ANTE/BLINDS ***
Tijuleo posts ante 35
ceddy posts ante 35
carredas833 posts ante 35
manggy94 posts ante 35
CValentin posts ante 35
Nikki. posts ante 35
Tijuleo posts small blind 150
ceddy posts big blind 300
Dealt to manggy94 [3h 3s]
*** PRE-FLOP *** 
carredas833 folds
manggy94 raises 300 to 600
CValentin folds
Nikki. raises 5248 to 5848 and is all-in
Tijuleo folds
ceddy folds
manggy94 folds
Nikki. collected 7108 from pot
*** SUMMARY ***
Total pot 7108 | No rake
Seat 4: Nikki. (button) won 7108


Winamax Poker - Tournament "Freeroll" buyIn: 0€ + 0€ level: 11 - HandId: #743358787674439853-56-1477674367 - Holdem no limit (35/150/300) - 2016/10/28 17:06:07 UTC
Table: 'Freeroll(173076705)#172' 6-max (real money) Seat #5 is the button
Seat 1: carredas833 (10707)
Seat 2: manggy94 (7531)
Seat 3: CValentin (440)
Seat 4: Nikki. (7108)
Seat 5: Tijuleo (10845)
Seat 6: ceddy (10069)
*** ANTE/BLINDS ***
ceddy posts ante 35
carredas833 posts ante 35
manggy94 posts ante 35
CValentin posts ante 35
Nikki. posts ante 35
Tijuleo posts ante 35
ceddy posts small blind 150
carredas833 posts big blind 300
Dealt to manggy94 [7s 7c]
*** PRE-FLOP *** 
manggy94 raises 300 to 600
CValentin folds
Nikki. folds
Tijuleo folds
ceddy calls 450
carredas833 folds
*** FLOP *** [6h Ah 5d]
ceddy checks
manggy94 bets 855
ceddy raises 855 to 1710
manggy94 calls 855
*** TURN *** [6h Ah 5d][8c]
ceddy checks
manggy94 checks
*** RIVER *** [6h Ah 5d 8c][Kd]
ceddy bets 2565
manggy94 calls 2565
*** SHOW DOWN ***
manggy94 shows [7s 7c] (One pair : 7)
ceddy shows [Kc Ad] (Two pairs : Aces and Kings)
ceddy collected 10260 from pot
*** SUMMARY ***
Total pot 10260 | No rake
Board: [6h Ah 5d 8c Kd]
Seat 2: manggy94 showed [7s 7c] and lost with One pair : 7
Seat 6: ceddy (small blind) showed [Kc Ad] and won 10260 with Two pairs : Aces and Kings


Winamax Poker - Tournament "Freeroll" buyIn: 0€ + 0€ level: 11 - HandId: #743358787674439853-57-1477674401 - Holdem no limit (35/150/300) - 2016/10/28 17:06:41 UTC
Table: 'Freeroll(173076705)#172' 6-max (real money) Seat #6 is the button
Seat 1: carredas833 (10372)
Seat 2: manggy94 (2621)
Seat 3: CValentin (405)
Seat 4: Nikki. (7073)
Seat 5: Tijuleo (10810)
Seat 6: ceddy (15419)
*** ANTE/BLINDS ***
carredas833 posts ante 35
manggy94 posts ante 35
CValentin posts ante 35
Nikki. posts ante 35
Tijuleo posts ante 35
ceddy posts ante 35
carredas833 posts small blind 150
manggy94 posts big blind 300
Dealt to manggy94 [5s 4d]
*** PRE-FLOP *** 
CValentin folds
Nikki. raises 6738 to 7038 and is all-in
Tijuleo folds
ceddy folds
carredas833 folds
manggy94 folds
Nikki. collected 7698 from pot
*** SUMMARY ***
Total pot 7698 | No rake
Seat 4: Nikki. won 7698


Winamax Poker - Tournament "Freeroll" buyIn: 0€ + 0€ level: 11 - HandId: #743358787674439853-58-1477674412 - Holdem no limit (35/150/300) - 2016/10/28 17:06:52 UTC
Table: 'Freeroll(173076705)#172' 6-max (real money) Seat #1 is the button
Seat 1: carredas833 (10187)
Seat 2: manggy94 (2286)
Seat 3: CValentin (370)
Seat 4: Nikki. (7698)
Seat 5: Tijuleo (10775)
Seat 6: ceddy (15384)
*** ANTE/BLINDS ***
manggy94 posts ante 35
CValentin posts ante 35
carredas833 posts ante 35
Nikki. posts ante 35
Tijuleo posts ante 35
ceddy posts ante 35
manggy94 posts small blind 150
CValentin posts big blind 300
Dealt to manggy94 [7c 7s]
*** PRE-FLOP *** 
Nikki. folds
Tijuleo folds
ceddy raises 300 to 600
carredas833 folds
manggy94 raises 1651 to 2251 and is all-in
CValentin folds
ceddy folds
manggy94 collected 3361 from pot
*** SUMMARY ***
Total pot 3361 | No rake
Seat 2: manggy94 (small blind) won 3361


Winamax Poker - Tournament "Freeroll" buyIn: 0€ + 0€ level: 11 - HandId: #743358787674439853-59-1477674428 - Holdem no limit (35/150/300) - 2016/10/28 17:07:08 UTC
Table: 'Freeroll(173076705)#172' 6-max (real money) Seat #2 is the button
Seat 1: carredas833 (10152)
Seat 2: manggy94 (3361)
Seat 3: CValentin (35)
Seat 4: Nikki. (7663)
Seat 5: Tijuleo (10740)
Seat 6: ceddy (14749)
*** ANTE/BLINDS ***
CValentin posts ante 35 and is all-in
Nikki. posts ante 35
carredas833 posts ante 35
manggy94 posts ante 35
Tijuleo posts ante 35
ceddy posts ante 35
CValentin posts small blind 0 and is all-in
Nikki. posts big blind 300
Dealt to manggy94 [Kc Tc]
*** PRE-FLOP *** 
Tijuleo folds
ceddy raises 300 to 600
carredas833 folds
manggy94 calls 600
Nikki. folds
*** FLOP *** [7h Jd 2s]
ceddy bets 855
manggy94 folds
*** TURN *** [7h Jd 2s][Kh]
*** RIVER *** [7h Jd 2s Kh][3h]
*** SHOW DOWN ***
CValentin shows [9d Ts] (High card : King)
ceddy shows [Qs Qd] (One pair : Queens)
ceddy collected 2565 from pot
*** SUMMARY ***
Total pot 2565 | No rake
Board: [7h Jd 2s Kh 3h]
Seat 3: CValentin (small blind) showed [9d Ts] and lost with High card : King
Seat 6: ceddy showed [Qs Qd] and won 2565 with One pair : Queens


Winamax Poker - Tournament "Freeroll" buyIn: 0€ + 0€ level: 11 - HandId: #743358787674439853-60-1477674453 - Holdem no limit (35/150/300) - 2016/10/28 17:07:33 UTC
Table: 'Freeroll(173076705)#172' 6-max (real money) Seat #3 is the button
Seat 1: carredas833 (10117)
Seat 2: manggy94 (2726)
Seat 4: Nikki. (7328)
Seat 5: Tijuleo (10705)
Seat 6: ceddy (15824)
*** ANTE/BLINDS ***
Nikki. posts ante 35
Tijuleo posts ante 35
carredas833 posts ante 35
manggy94 posts ante 35
ceddy posts ante 35
Nikki. posts small blind 150
Tijuleo posts big blind 300
Dealt to manggy94 [Ah 8d]
*** PRE-FLOP *** 
ceddy folds
carredas833 folds
manggy94 raises 925 to 1225
Nikki. folds
Tijuleo folds
manggy94 collected 1850 from pot
*** SUMMARY ***
Total pot 1850 | No rake
Seat 2: manggy94 won 1850


Winamax Poker - Tournament "Freeroll" buyIn: 0€ + 0€ level: 11 - HandId: #743358787674439853-61-1477674475 - Holdem no limit (35/150/300) - 2016/10/28 17:07:55 UTC
Table: 'Freeroll(173076705)#172' 6-max (real money) Seat #4 is the button
Seat 1: carredas833 (10082)
Seat 2: manggy94 (3316)
Seat 4: Nikki. (7143)
Seat 5: Tijuleo (10370)
Seat 6: ceddy (15789)
*** ANTE/BLINDS ***
Tijuleo posts ante 35
ceddy posts ante 35
carredas833 posts ante 35
manggy94 posts ante 35
Nikki. posts ante 35
Tijuleo posts small blind 150
ceddy posts big blind 300
Dealt to manggy94 [Js 2h]
*** PRE-FLOP *** 
carredas833 folds
manggy94 folds
Nikki. folds
Tijuleo folds
ceddy collected 625 from pot
*** SUMMARY ***
Total pot 625 | No rake
Seat 6: ceddy (big blind) won 625


Winamax Poker - Tournament "Freeroll" buyIn: 0€ + 0€ level: 11 - HandId: #743358787674439853-62-1477674484 - Holdem no limit (35/150/300) - 2016/10/28 17:08:04 UTC
Table: 'Freeroll(173076705)#172' 6-max (real money) Seat #5 is the button
Seat 1: carredas833 (10047)
Seat 2: manggy94 (3281)
Seat 4: Nikki. (7108)
Seat 5: Tijuleo (10185)
Seat 6: ceddy (16079)
*** ANTE/BLINDS ***
ceddy posts ante 35
carredas833 posts ante 35
manggy94 posts ante 35
Nikki. posts ante 35
Tijuleo posts ante 35
ceddy posts small blind 150
carredas833 posts big blind 300
Dealt to manggy94 [6d 6c]
*** PRE-FLOP *** 
manggy94 raises 900 to 1200
Nikki. folds
Tijuleo folds
ceddy folds
carredas833 folds
manggy94 collected 1825 from pot
*** SUMMARY ***
Total pot 1825 | No rake
Seat 2: manggy94 won 1825


Winamax Poker - Tournament "Freeroll" buyIn: 0€ + 0€ level: 11 - HandId: #743358787674439853-63-1477674498 - Holdem no limit (35/150/300) - 2016/10/28 17:08:18 UTC
Table: 'Freeroll(173076705)#172' 6-max (real money) Seat #6 is the button
Seat 1: carredas833 (9712)
Seat 2: manggy94 (3871)
Seat 4: Nikki. (7073)
Seat 5: Tijuleo (10150)
Seat 6: ceddy (15894)
*** ANTE/BLINDS ***
carredas833 posts ante 35
manggy94 posts ante 35
Nikki. posts ante 35
Tijuleo posts ante 35
ceddy posts ante 35
carredas833 posts small blind 150
manggy94 posts big blind 300
Dealt to manggy94 [8c Tc]
*** PRE-FLOP *** 
Nikki. folds
Tijuleo folds
ceddy calls 300
carredas833 folds
manggy94 checks
*** FLOP *** [8d Ac Qc]
manggy94 checks
ceddy bets 300
manggy94 calls 300
*** TURN *** [8d Ac Qc][7d]
manggy94 checks
ceddy bets 763
manggy94 calls 763
*** RIVER *** [8d Ac Qc 7d][3c]
manggy94 checks
ceddy checks
*** SHOW DOWN ***
ceddy shows [9c Qs] (One pair : Queens)
manggy94 shows [8c Tc] (Flush Ace high)
manggy94 collected 3051 from pot
*** SUMMARY ***
Total pot 3051 | No rake
Board: [8d Ac Qc 7d 3c]
Seat 2: manggy94 (big blind) showed [8c Tc] and won 3051 with Flush Ace high
Seat 6: ceddy (button) showed [9c Qs] and lost with One pair : Queens


Winamax Poker - Tournament "Freeroll" buyIn: 0€ + 0€ level: 12 - HandId: #743358787674439853-64-1477674530 - Holdem no limit (40/200/400) - 2016/10/28 17:08:50 UTC
Table: 'Freeroll(173076705)#172' 6-max (real money) Seat #1 is the button
Seat 1: carredas833 (9527)
Seat 2: manggy94 (5524)
Seat 4: Nikki. (7038)
Seat 5: Tijuleo (10115)
Seat 6: ceddy (14496)
*** ANTE/BLINDS ***
manggy94 posts ante 40
Nikki. posts ante 40
carredas833 posts ante 40
Tijuleo posts ante 40
ceddy posts ante 40
manggy94 posts small blind 200
Nikki. posts big blind 400
Dealt to manggy94 [4s Ks]
*** PRE-FLOP *** 
Tijuleo folds
ceddy raises 600 to 1000
carredas833 raises 8487 to 9487 and is all-in
manggy94 folds
Nikki. folds
ceddy folds
carredas833 shows [9c 9h] (One pair : 9)
carredas833 collected 11287 from pot
*** SUMMARY ***
Total pot 11287 | No rake
Seat 1: carredas833 (button) showed [9c 9h] and won 11287 with One pair : 9


Winamax Poker - Tournament "Freeroll" buyIn: 0€ + 0€ level: 12 - HandId: #743358787674439853-65-1477674548 - Holdem no limit (40/200/400) - 2016/10/28 17:09:08 UTC
Table: 'Freeroll(173076705)#172' 6-max (real money) Seat #2 is the button
Seat 1: carredas833 (11287)
Seat 2: manggy94 (5284)
Seat 3: eve21 (11805)
Seat 4: Nikki. (6598)
Seat 5: Tijuleo (10075)
Seat 6: ceddy (13456)
*** ANTE/BLINDS ***
Nikki. posts ante 40
Tijuleo posts ante 40
carredas833 posts ante 40
manggy94 posts ante 40
ceddy posts ante 40
Nikki. posts small blind 200
Tijuleo posts big blind 400
Dealt to manggy94 [Kd 6d]
*** PRE-FLOP *** 
ceddy folds
carredas833 folds
manggy94 raises 400 to 800
Nikki. raises 5758 to 6558 and is all-in
Tijuleo folds
manggy94 folds
Nikki. collected 7958 from pot
*** SUMMARY ***
Total pot 7958 | No rake
Seat 4: Nikki. (small blind) won 7958


Winamax Poker - Tournament "Freeroll" buyIn: 0€ + 0€ level: 12 - HandId: #743358787674439853-66-1477674562 - Holdem no limit (40/200/400) - 2016/10/28 17:09:22 UTC
Table: 'Freeroll(173076705)#172' 6-max (real money) Seat #4 is the button
Seat 1: carredas833 (11247)
Seat 2: manggy94 (4444)
Seat 3: eve21 (11805)
Seat 4: Nikki. (7958)
Seat 5: Tijuleo (9635)
Seat 6: ceddy (13416)
*** ANTE/BLINDS ***
Tijuleo posts ante 40
ceddy posts ante 40
carredas833 posts ante 40
manggy94 posts ante 40
eve21 posts ante 40
Nikki. posts ante 40
Tijuleo posts small blind 200
ceddy posts big blind 400
Dealt to manggy94 [Jc 7s]
*** PRE-FLOP *** 
carredas833 folds
manggy94 folds
eve21 folds
Nikki. raises 7518 to 7918 and is all-in
Tijuleo folds
ceddy folds
Nikki. collected 8758 from pot
*** SUMMARY ***
Total pot 8758 | No rake
Seat 4: Nikki. (button) won 8758


Winamax Poker - Tournament "Freeroll" buyIn: 0€ + 0€ level: 12 - HandId: #743358787674439853-67-1477674579 - Holdem no limit (40/200/400) - 2016/10/28 17:09:39 UTC
Table: 'Freeroll(173076705)#172' 6-max (real money) Seat #5 is the button
Seat 1: carredas833 (11207)
Seat 2: manggy94 (4404)
Seat 3: eve21 (11765)
Seat 4: Nikki. (8758)
Seat 5: Tijuleo (9395)
Seat 6: ceddy (12976)
*** ANTE/BLINDS ***
ceddy posts ante 40
carredas833 posts ante 40
manggy94 posts ante 40
eve21 posts ante 40
Nikki. posts ante 40
Tijuleo posts ante 40
ceddy posts small blind 200
carredas833 posts big blind 400
Dealt to manggy94 [Ah 5d]
*** PRE-FLOP *** 
manggy94 raises 400 to 800
eve21 folds
Nikki. folds
Tijuleo folds
ceddy calls 600
carredas833 raises 10367 to 11167 and is all-in
manggy94 calls 3564 and is all-in
ceddy folds
*** FLOP *** [2s 8c 3s]
*** TURN *** [2s 8c 3s][Jc]
*** RIVER *** [2s 8c 3s Jc][7c]
*** SHOW DOWN ***
manggy94 shows [Ah 5d] (High card : Ace)
carredas833 shows [4s 4c] (One pair : 4)
carredas833 collected 16571 from pot
*** SUMMARY ***
Total pot 16571 | No rake
Board: [2s 8c 3s Jc 7c]
Seat 1: carredas833 (big blind) showed [4s 4c] and won 16571 with One pair : 4
Seat 2: manggy94 showed [Ah 5d] and lost with High card : Ace


