Winamax Poker - Tournament "Freeroll" buyIn: 0€ + 0€ level: 1 - HandId: #695486399293423714-1-1467196225 - Holdem no limit (10/20) - 2016/06/29 10:30:25 UTC
Table: 'Freeroll(161930546)#097' 8-max (real money) Seat #2 is the button
Seat 1: manggy94 (3000)
Seat 2: pluchon42 (3000)
Seat 3: wanted1983 (3000)
Seat 4: OhNanPasLui (3000)
Seat 5: terenceT (3000)
Seat 6: Choo Riken (3000)
Seat 7: Antonio06220 (3000)
Seat 8: Pinoman (3000)
*** ANTE/BLINDS ***
wanted1983 posts small blind 10
OhNanPasLui posts big blind 20
Dealt to manggy94 [Ts 7h]
*** PRE-FLOP *** 
terenceT folds
Choo Riken folds
Antonio06220 folds
Pinoman calls 20
manggy94 folds
pluchon42 folds
wanted1983 folds
OhNanPasLui raises 2980 to 3000 and is all-in
Pinoman calls 2980 and is all-in
*** FLOP *** [5d Ks 4c]
*** TURN *** [5d Ks 4c][2c]
*** RIVER *** [5d Ks 4c 2c][As]
*** SHOW DOWN ***
OhNanPasLui shows [Qd Kh] (One pair : Kings)
Pinoman shows [Js Ah] (One pair : Aces)
Pinoman collected 6010 from pot
*** SUMMARY ***
Total pot 6010 | No rake
Board: [5d Ks 4c 2c As]
Seat 4: OhNanPasLui (big blind) showed [Qd Kh] and lost with One pair : Kings
Seat 8: Pinoman showed [Js Ah] and won 6010 with One pair : Aces


Winamax Poker - Tournament "Freeroll" buyIn: 0€ + 0€ level: 2 - HandId: #695486399293423714-2-1467196502 - Holdem no limit (15/30) - 2016/06/29 10:35:02 UTC
Table: 'Freeroll(161930546)#097' 8-max (real money) Seat #3 is the button
Seat 1: manggy94 (3000)
Seat 2: pluchon42 (3000)
Seat 3: wanted1983 (2990)
Seat 5: terenceT (3000)
Seat 6: Choo Riken (3000)
Seat 7: Antonio06220 (3000)
Seat 8: Pinoman (6010)
*** ANTE/BLINDS ***
terenceT posts big blind 30
Dealt to manggy94 [3c Js]
*** PRE-FLOP *** 
Choo Riken folds
Antonio06220 folds
Pinoman calls 30
manggy94 folds
pluchon42 folds
wanted1983 folds
terenceT checks
*** FLOP *** [9c 8s Qc]
terenceT checks
Pinoman checks
*** TURN *** [9c 8s Qc][4s]
terenceT checks
Pinoman checks
*** RIVER *** [9c 8s Qc 4s][7d]
terenceT checks
Pinoman bets 30
terenceT folds
Pinoman collected 90 from pot
*** SUMMARY ***
Total pot 90 | No rake
Board: [9c 8s Qc 4s 7d]
Seat 8: Pinoman won 90


Winamax Poker - Tournament "Freeroll" buyIn: 0€ + 0€ level: 2 - HandId: #695486399293423714-3-1467196562 - Holdem no limit (15/30) - 2016/06/29 10:36:02 UTC
Table: 'Freeroll(161930546)#097' 8-max (real money) Seat #4 is the button
Seat 1: manggy94 (3000)
Seat 2: pluchon42 (3000)
Seat 3: wanted1983 (2990)
Seat 4: THE VIRGULE (3000)
Seat 5: terenceT (2970)
Seat 6: Choo Riken (3000)
Seat 7: Antonio06220 (3000)
Seat 8: Pinoman (6040)
*** ANTE/BLINDS ***
terenceT posts small blind 15
Choo Riken posts big blind 30
Dealt to manggy94 [9s 8d]
*** PRE-FLOP *** 
Antonio06220 folds
Pinoman calls 30
manggy94 folds
pluchon42 folds
wanted1983 folds
terenceT calls 15
Choo Riken checks
*** FLOP *** [Kc Ad Qc]
terenceT checks
Choo Riken checks
Pinoman checks
*** TURN *** [Kc Ad Qc][Ts]
terenceT checks
Choo Riken bets 68
Pinoman calls 68
terenceT folds
*** RIVER *** [Kc Ad Qc Ts][Qh]
Choo Riken bets 948
Pinoman folds
Choo Riken collected 1174 from pot
*** SUMMARY ***
Total pot 1174 | No rake
Board: [Kc Ad Qc Ts Qh]
Seat 6: Choo Riken (big blind) won 1174


Winamax Poker - Tournament "Freeroll" buyIn: 0€ + 0€ level: 3 - HandId: #695486399293423714-4-1467196637 - Holdem no limit (20/40) - 2016/06/29 10:37:17 UTC
Table: 'Freeroll(161930546)#097' 8-max (real money) Seat #5 is the button
Seat 1: manggy94 (3000)
Seat 2: pluchon42 (3000)
Seat 3: wanted1983 (2990)
Seat 4: THE VIRGULE (3000)
Seat 5: terenceT (2940)
Seat 6: Choo Riken (3128)
Seat 7: Antonio06220 (3000)
Seat 8: Pinoman (5942)
*** ANTE/BLINDS ***
Choo Riken posts small blind 20
Antonio06220 posts big blind 40
Dealt to manggy94 [2h 8c]
*** PRE-FLOP *** 
Pinoman calls 40
manggy94 folds
pluchon42 folds
wanted1983 folds
THE VIRGULE calls 40
terenceT folds
Choo Riken calls 20
Antonio06220 folds
*** FLOP *** [8h 6s 7h]
Choo Riken checks
Pinoman checks
THE VIRGULE bets 40
Choo Riken calls 40
Pinoman calls 40
*** TURN *** [8h 6s 7h][9h]
Choo Riken checks
Pinoman bets 40
THE VIRGULE raises 80 to 120
Choo Riken raises 560 to 680
Pinoman calls 640
THE VIRGULE folds
*** RIVER *** [8h 6s 7h 9h][8s]
Choo Riken bets 1760
Pinoman calls 1760
*** SHOW DOWN ***
Choo Riken shows [Kc 5h] (Straight 9 high)
Pinoman shows [Qc Td] (Straight Ten high)
Pinoman collected 5280 from pot
*** SUMMARY ***
Total pot 5280 | No rake
Board: [8h 6s 7h 9h 8s]
Seat 6: Choo Riken (small blind) showed [Kc 5h] and lost with Straight 9 high
Seat 8: Pinoman showed [Qc Td] and won 5280 with Straight Ten high


Winamax Poker - Tournament "Freeroll" buyIn: 0€ + 0€ level: 3 - HandId: #695486399293423714-5-1467196698 - Holdem no limit (20/40) - 2016/06/29 10:38:18 UTC
Table: 'Freeroll(161930546)#097' 8-max (real money) Seat #6 is the button
Seat 1: manggy94 (3000)
Seat 2: pluchon42 (3000)
Seat 3: wanted1983 (2990)
Seat 4: THE VIRGULE (2800)
Seat 5: terenceT (2940)
Seat 6: Choo Riken (608)
Seat 7: Antonio06220 (2960)
Seat 8: Pinoman (8702)
*** ANTE/BLINDS ***
Antonio06220 posts small blind 20
Pinoman posts big blind 40
Dealt to manggy94 [Qs 8c]
*** PRE-FLOP *** 
manggy94 folds
pluchon42 folds
wanted1983 folds
THE VIRGULE calls 40
terenceT folds
Choo Riken raises 568 to 608 and is all-in
Antonio06220 folds
Pinoman folds
THE VIRGULE calls 568
*** FLOP *** [Jc 9h 8h]
*** TURN *** [Jc 9h 8h][5d]
*** RIVER *** [Jc 9h 8h 5d][Jh]
*** SHOW DOWN ***
Choo Riken shows [9c 8s] (Two pairs : Jacks and 9)
THE VIRGULE shows [Ah 5h] (Flush Ace high)
THE VIRGULE collected 1276 from pot
*** SUMMARY ***
Total pot 1276 | No rake
Board: [Jc 9h 8h 5d Jh]
Seat 4: THE VIRGULE showed [Ah 5h] and won 1276 with Flush Ace high
Seat 6: Choo Riken (button) showed [9c 8s] and lost with Two pairs : Jacks and 9


Winamax Poker - Tournament "Freeroll" buyIn: 0€ + 0€ level: 3 - HandId: #695486399293423714-6-1467196723 - Holdem no limit (20/40) - 2016/06/29 10:38:43 UTC
Table: 'Freeroll(161930546)#097' 8-max (real money) Seat #7 is the button
Seat 1: manggy94 (3000)
Seat 2: pluchon42 (3000)
Seat 3: wanted1983 (2990)
Seat 4: THE VIRGULE (3468)
Seat 5: terenceT (2940)
Seat 6: Level_up (3000)
Seat 7: Antonio06220 (2940)
Seat 8: Pinoman (8662)
*** ANTE/BLINDS ***
Pinoman posts small blind 20
manggy94 posts big blind 40
Dealt to manggy94 [Ts 5h]
*** PRE-FLOP *** 
pluchon42 folds
wanted1983 folds
THE VIRGULE folds
terenceT raises 2900 to 2940 and is all-in
Level_up folds
Antonio06220 folds
Pinoman folds
manggy94 folds
terenceT collected 3000 from pot
*** SUMMARY ***
Total pot 3000 | No rake
Seat 5: terenceT won 3000


Winamax Poker - Tournament "Freeroll" buyIn: 0€ + 0€ level: 3 - HandId: #695486399293423714-7-1467196737 - Holdem no limit (20/40) - 2016/06/29 10:38:57 UTC
Table: 'Freeroll(161930546)#097' 8-max (real money) Seat #8 is the button
Seat 1: manggy94 (2960)
Seat 2: pluchon42 (3000)
Seat 3: wanted1983 (2990)
Seat 4: THE VIRGULE (3468)
Seat 5: terenceT (3000)
Seat 6: Level_up (3000)
Seat 7: Antonio06220 (2940)
Seat 8: Pinoman (8642)
*** ANTE/BLINDS ***
manggy94 posts small blind 20
pluchon42 posts big blind 40
Dealt to manggy94 [Ac Ad]
*** PRE-FLOP *** 
wanted1983 folds
THE VIRGULE calls 40
terenceT folds
Level_up calls 40
Antonio06220 folds
Pinoman calls 40
manggy94 raises 720 to 760
pluchon42 folds
THE VIRGULE folds
Level_up calls 720
Pinoman calls 720
*** FLOP *** [6h As 8c]
manggy94 checks
Level_up checks
Pinoman checks
*** TURN *** [6h As 8c][7d]
manggy94 checks
Level_up checks
Pinoman checks
*** RIVER *** [6h As 8c 7d][6s]
manggy94 bets 500
Level_up calls 500
Pinoman folds
*** SHOW DOWN ***
Level_up shows [Jc 6c] (Trips of 6)
manggy94 shows [Ac Ad] (Full of Aces and 6)
manggy94 collected 3360 from pot
*** SUMMARY ***
Total pot 3360 | No rake
Board: [6h As 8c 7d 6s]
Seat 1: manggy94 (small blind) showed [Ac Ad] and won 3360 with Full of Aces and 6
Seat 6: Level_up showed [Jc 6c] and lost with Trips of 6


Winamax Poker - Tournament "Freeroll" buyIn: 0€ + 0€ level: 4 - HandId: #695486399293423714-8-1467196813 - Holdem no limit (30/60) - 2016/06/29 10:40:13 UTC
Table: 'Freeroll(161930546)#097' 8-max (real money) Seat #1 is the button
Seat 1: manggy94 (5060)
Seat 2: pluchon42 (2960)
Seat 3: wanted1983 (2990)
Seat 4: THE VIRGULE (3428)
Seat 5: terenceT (3000)
Seat 6: Level_up (1740)
Seat 7: Antonio06220 (2940)
Seat 8: Pinoman (7882)
*** ANTE/BLINDS ***
pluchon42 posts small blind 30
wanted1983 posts big blind 60
Dealt to manggy94 [Ks Kc]
*** PRE-FLOP *** 
THE VIRGULE calls 60
terenceT raises 2940 to 3000 and is all-in
Level_up folds
Antonio06220 folds
Pinoman folds
manggy94 calls 3000
pluchon42 folds
wanted1983 folds
THE VIRGULE folds
*** FLOP *** [Ah Th 6c]
*** TURN *** [Ah Th 6c][4h]
*** RIVER *** [Ah Th 6c 4h][6h]
*** SHOW DOWN ***
terenceT shows [4d Kd] (Two pairs : 6 and 4)
manggy94 shows [Ks Kc] (Two pairs : Kings and 6)
manggy94 collected 6150 from pot
*** SUMMARY ***
Total pot 6150 | No rake
Board: [Ah Th 6c 4h 6h]
Seat 1: manggy94 (button) showed [Ks Kc] and won 6150 with Two pairs : Kings and 6
Seat 5: terenceT showed [4d Kd] and lost with Two pairs : 6 and 4


Winamax Poker - Tournament "Freeroll" buyIn: 0€ + 0€ level: 4 - HandId: #695486399293423714-9-1467196847 - Holdem no limit (30/60) - 2016/06/29 10:40:47 UTC
Table: 'Freeroll(161930546)#097' 8-max (real money) Seat #2 is the button
Seat 1: manggy94 (8210)
Seat 2: pluchon42 (2930)
Seat 3: wanted1983 (2930)
Seat 4: THE VIRGULE (3368)
Seat 6: Level_up (1740)
Seat 7: Antonio06220 (2940)
Seat 8: Pinoman (7882)
*** ANTE/BLINDS ***
wanted1983 posts small blind 30
THE VIRGULE posts big blind 60
Dealt to manggy94 [Kd 6d]
*** PRE-FLOP *** 
Level_up calls 60
Antonio06220 folds
Pinoman folds
manggy94 calls 60
pluchon42 folds
wanted1983 folds
THE VIRGULE raises 60 to 120
Level_up calls 60
manggy94 calls 60
*** FLOP *** [Jc Qh Th]
THE VIRGULE bets 60
Level_up folds
manggy94 calls 60
*** TURN *** [Jc Qh Th][Js]
THE VIRGULE bets 255
manggy94 calls 255
*** RIVER *** [Jc Qh Th Js][6c]
THE VIRGULE checks
manggy94 checks
*** SHOW DOWN ***
THE VIRGULE shows [Ad 8s] (One pair : Jacks)
manggy94 shows [Kd 6d] (Two pairs : Jacks and 6)
manggy94 collected 1020 from pot
*** SUMMARY ***
Total pot 1020 | No rake
Board: [Jc Qh Th Js 6c]
Seat 1: manggy94 showed [Kd 6d] and won 1020 with Two pairs : Jacks and 6
Seat 4: THE VIRGULE (big blind) showed [Ad 8s] and lost with One pair : Jacks


Winamax Poker - Tournament "Freeroll" buyIn: 0€ + 0€ level: 4 - HandId: #695486399293423714-10-1467196927 - Holdem no limit (30/60) - 2016/06/29 10:42:07 UTC
Table: 'Freeroll(161930546)#097' 8-max (real money) Seat #3 is the button
Seat 1: manggy94 (8795)
Seat 2: pluchon42 (2930)
Seat 3: wanted1983 (2900)
Seat 4: THE VIRGULE (2933)
Seat 5: simon57940 (3000)
Seat 6: Level_up (1620)
Seat 7: Antonio06220 (2940)
Seat 8: Pinoman (7882)
*** ANTE/BLINDS ***
THE VIRGULE posts small blind 30
simon57940 posts big blind 60
Dealt to manggy94 [Kd 9d]
*** PRE-FLOP *** 
Level_up folds
Antonio06220 folds
Pinoman folds
manggy94 raises 60 to 120
pluchon42 folds
wanted1983 folds
THE VIRGULE folds
simon57940 raises 480 to 600
manggy94 calls 480
*** FLOP *** [2c Qc 5c]
simon57940 checks
manggy94 bets 615
simon57940 raises 1785 to 2400 and is all-in
manggy94 folds
simon57940 collected 4245 from pot
*** SUMMARY ***
Total pot 4245 | No rake
Board: [2c Qc 5c]
Seat 5: simon57940 (big blind) won 4245


Winamax Poker - Tournament "Freeroll" buyIn: 0€ + 0€ level: 5 - HandId: #695486399293423714-11-1467196961 - Holdem no limit (40/80) - 2016/06/29 10:42:41 UTC
Table: 'Freeroll(161930546)#097' 8-max (real money) Seat #4 is the button
Seat 1: manggy94 (7580)
Seat 2: pluchon42 (2930)
Seat 3: wanted1983 (2900)
Seat 4: THE VIRGULE (2903)
Seat 5: simon57940 (4245)
Seat 6: Level_up (1620)
Seat 7: Antonio06220 (2940)
Seat 8: Pinoman (7882)
*** ANTE/BLINDS ***
simon57940 posts small blind 40
Level_up posts big blind 80
Dealt to manggy94 [Tc 5s]
*** PRE-FLOP *** 
Antonio06220 folds
Pinoman folds
manggy94 folds
pluchon42 folds
wanted1983 folds
THE VIRGULE raises 80 to 160
simon57940 calls 120
Level_up calls 80
*** FLOP *** [Kc Th Qh]
simon57940 checks
Level_up checks
THE VIRGULE bets 240
simon57940 folds
Level_up calls 240
*** TURN *** [Kc Th Qh][Js]
Level_up checks
THE VIRGULE bets 480
Level_up calls 480
*** RIVER *** [Kc Th Qh Js][Ts]
Level_up checks
THE VIRGULE bets 1920
Level_up folds
THE VIRGULE collected 3840 from pot
*** SUMMARY ***
Total pot 3840 | No rake
Board: [Kc Th Qh Js Ts]
Seat 4: THE VIRGULE (button) won 3840


Winamax Poker - Tournament "Freeroll" buyIn: 0€ + 0€ level: 5 - HandId: #695486399293423714-12-1467197022 - Holdem no limit (40/80) - 2016/06/29 10:43:42 UTC
Table: 'Freeroll(161930546)#097' 8-max (real money) Seat #5 is the button
Seat 1: manggy94 (7580)
Seat 2: pluchon42 (2930)
Seat 3: wanted1983 (2900)
Seat 4: THE VIRGULE (3943)
Seat 5: simon57940 (4085)
Seat 6: Level_up (740)
Seat 7: Antonio06220 (2940)
Seat 8: Pinoman (7882)
*** ANTE/BLINDS ***
Level_up posts small blind 40
Antonio06220 posts big blind 80
Dealt to manggy94 [5s 7d]
*** PRE-FLOP *** 
Pinoman folds
manggy94 folds
pluchon42 folds
wanted1983 folds
THE VIRGULE folds
simon57940 raises 320 to 400
Level_up calls 360
Antonio06220 folds
*** FLOP *** [Ks Jd Th]
Level_up checks
simon57940 bets 440
Level_up calls 340 and is all-in
*** TURN *** [Ks Jd Th][As]
*** RIVER *** [Ks Jd Th As][8d]
*** SHOW DOWN ***
simon57940 shows [Kc Ac] (Two pairs : Aces and Kings)
Level_up shows [Qd 2s] (Straight Ace high)
Level_up collected 1560 from main pot
simon57940 collected 100 from side pot 1
*** SUMMARY ***
Total pot 1660 | No rake
Board: [Ks Jd Th As 8d]
Seat 5: simon57940 (button) showed [Kc Ac] and won 100 with Two pairs : Aces and Kings
Seat 6: Level_up (small blind) showed [Qd 2s] and won 1560 with Straight Ace high


Winamax Poker - Tournament "Freeroll" buyIn: 0€ + 0€ level: 5 - HandId: #695486399293423714-13-1467197065 - Holdem no limit (40/80) - 2016/06/29 10:44:25 UTC
Table: 'Freeroll(161930546)#097' 8-max (real money) Seat #6 is the button
Seat 1: manggy94 (7580)
Seat 2: pluchon42 (2930)
Seat 3: wanted1983 (2900)
Seat 4: THE VIRGULE (3943)
Seat 5: simon57940 (3345)
Seat 6: Level_up (1560)
Seat 7: Antonio06220 (2860)
Seat 8: Pinoman (7882)
*** ANTE/BLINDS ***
Antonio06220 posts small blind 40
Pinoman posts big blind 80
Dealt to manggy94 [7c 5h]
*** PRE-FLOP *** 
manggy94 folds
pluchon42 folds
wanted1983 folds
THE VIRGULE raises 80 to 160
simon57940 folds
Level_up calls 160
Antonio06220 folds
Pinoman calls 80
*** FLOP *** [2c Kd 4s]
Pinoman checks
THE VIRGULE bets 80
Level_up calls 80
Pinoman calls 80
*** TURN *** [2c Kd 4s][6d]
Pinoman checks
THE VIRGULE bets 80
Level_up calls 80
Pinoman calls 80
*** RIVER *** [2c Kd 4s 6d][3s]
Pinoman bets 80
THE VIRGULE folds
Level_up calls 80
*** SHOW DOWN ***
Level_up shows [Ts 8c] (High card : King)
Pinoman shows [Ks 5s] (Straight 6 high)
Pinoman collected 1160 from pot
*** SUMMARY ***
Total pot 1160 | No rake
Board: [2c Kd 4s 6d 3s]
Seat 6: Level_up (button) showed [Ts 8c] and lost with High card : King
Seat 8: Pinoman (big blind) showed [Ks 5s] and won 1160 with Straight 6 high


Winamax Poker - Tournament "Freeroll" buyIn: 0€ + 0€ level: 6 - HandId: #695486399293423714-14-1467197141 - Holdem no limit (60/120) - 2016/06/29 10:45:41 UTC
Table: 'Freeroll(161930546)#097' 8-max (real money) Seat #7 is the button
Seat 1: manggy94 (7580)
Seat 2: pluchon42 (2930)
Seat 3: wanted1983 (2900)
Seat 4: THE VIRGULE (3623)
Seat 5: simon57940 (3345)
Seat 6: Level_up (1160)
Seat 7: Antonio06220 (2820)
Seat 8: Pinoman (8642)
*** ANTE/BLINDS ***
Pinoman posts small blind 60
manggy94 posts big blind 120
Dealt to manggy94 [Qh 7d]
*** PRE-FLOP *** 
pluchon42 folds
wanted1983 folds
THE VIRGULE folds
simon57940 calls 120
Level_up calls 120
Antonio06220 folds
Pinoman calls 60
manggy94 checks
*** FLOP *** [5s 6h 4c]
Pinoman bets 120
manggy94 calls 120
simon57940 calls 120
Level_up calls 120
*** TURN *** [5s 6h 4c][4s]
Pinoman bets 960
manggy94 folds
simon57940 folds
Level_up folds
Pinoman shows [4h 6d] (Full of 4 and 6)
Pinoman collected 1920 from pot
*** SUMMARY ***
Total pot 1920 | No rake
Board: [5s 6h 4c 4s]
Seat 8: Pinoman (small blind) showed [4h 6d] and won 1920 with Full of 4 and 6


Winamax Poker - Tournament "Freeroll" buyIn: 0€ + 0€ level: 6 - HandId: #695486399293423714-15-1467197191 - Holdem no limit (60/120) - 2016/06/29 10:46:31 UTC
Table: 'Freeroll(161930546)#097' 8-max (real money) Seat #8 is the button
Seat 1: manggy94 (7340)
Seat 2: pluchon42 (2930)
Seat 3: wanted1983 (2900)
Seat 4: THE VIRGULE (3623)
Seat 5: simon57940 (3105)
Seat 6: Level_up (920)
Seat 7: Antonio06220 (2820)
Seat 8: Pinoman (9362)
*** ANTE/BLINDS ***
manggy94 posts small blind 60
pluchon42 posts big blind 120
Dealt to manggy94 [6d 3h]
*** PRE-FLOP *** 
wanted1983 folds
THE VIRGULE folds
simon57940 calls 120
Level_up calls 120
Antonio06220 folds
Pinoman calls 120
manggy94 calls 60
pluchon42 folds
*** FLOP *** [7s Qc 6c]
manggy94 checks
simon57940 checks
Level_up checks
Pinoman checks
*** TURN *** [7s Qc 6c][2s]
manggy94 bets 120
simon57940 folds
Level_up raises 120 to 240
Pinoman calls 240
manggy94 calls 120
*** RIVER *** [7s Qc 6c 2s][9s]
manggy94 checks
Level_up checks
Pinoman checks
*** SHOW DOWN ***
manggy94 shows [6d 3h] (One pair : 6)
Level_up shows [7c 5h] (One pair : 7)
Pinoman shows [7h Ac] (One pair : 7)
Pinoman collected 1320 from pot
*** SUMMARY ***
Total pot 1320 | No rake
Board: [7s Qc 6c 2s 9s]
Seat 1: manggy94 (small blind) showed [6d 3h] and lost with One pair : 6
Seat 6: Level_up showed [7c 5h] and lost with One pair : 7
Seat 8: Pinoman (button) showed [7h Ac] and won 1320 with One pair : 7


Winamax Poker - Tournament "Freeroll" buyIn: 0€ + 0€ level: 6 - HandId: #695486399293423714-16-1467197279 - Holdem no limit (60/120) - 2016/06/29 10:47:59 UTC
Table: 'Freeroll(161930546)#097' 8-max (real money) Seat #1 is the button
Seat 1: manggy94 (6980)
Seat 2: pluchon42 (2810)
Seat 3: wanted1983 (2900)
Seat 4: THE VIRGULE (3623)
Seat 5: simon57940 (2985)
Seat 6: Level_up (560)
Seat 7: Antonio06220 (2820)
Seat 8: Pinoman (10322)
*** ANTE/BLINDS ***
pluchon42 posts small blind 60
wanted1983 posts big blind 120
Dealt to manggy94 [5d Tc]
*** PRE-FLOP *** 
THE VIRGULE calls 120
simon57940 calls 120
Level_up raises 120 to 240
Antonio06220 folds
Pinoman calls 240
manggy94 folds
pluchon42 folds
wanted1983 folds
THE VIRGULE calls 120
simon57940 calls 120
*** FLOP *** [Kc 2d 9d]
THE VIRGULE checks
simon57940 checks
Level_up checks
Pinoman checks
*** TURN *** [Kc 2d 9d][5s]
THE VIRGULE checks
simon57940 checks
Level_up checks
Pinoman checks
*** RIVER *** [Kc 2d 9d 5s][7d]
THE VIRGULE bets 1140
simon57940 folds
Level_up calls 320 and is all-in
Pinoman folds
*** SHOW DOWN ***
THE VIRGULE shows [Qh 4c] (High card : King)
Level_up shows [5c As] (One pair : 5)
Level_up collected 1780 from main pot
THE VIRGULE collected 820 from side pot 1
*** SUMMARY ***
Total pot 2600 | No rake
Board: [Kc 2d 9d 5s 7d]
Seat 4: THE VIRGULE showed [Qh 4c] and won 820 with High card : King
Seat 6: Level_up showed [5c As] and won 1780 with One pair : 5


Winamax Poker - Tournament "Freeroll" buyIn: 0€ + 0€ level: 7 - HandId: #695486399293423714-17-1467197380 - Holdem no limit (10/60/120) - 2016/06/29 10:49:40 UTC
Table: 'Freeroll(161930546)#097' 8-max (real money) Seat #2 is the button
Seat 1: manggy94 (6980)
Seat 2: pluchon42 (2750)
Seat 3: wanted1983 (2780)
Seat 4: THE VIRGULE (3063)
Seat 5: simon57940 (2745)
Seat 6: Level_up (1780)
Seat 7: Antonio06220 (2820)
Seat 8: Pinoman (10082)
*** ANTE/BLINDS ***
wanted1983 posts ante 10
THE VIRGULE posts ante 10
manggy94 posts ante 10
pluchon42 posts ante 10
simon57940 posts ante 10
Level_up posts ante 10
Antonio06220 posts ante 10
Pinoman posts ante 10
wanted1983 posts small blind 60
THE VIRGULE posts big blind 120
Dealt to manggy94 [Th As]
*** PRE-FLOP *** 
simon57940 folds
Level_up raises 120 to 240
Antonio06220 folds
Pinoman raises 480 to 720
manggy94 calls 720
pluchon42 folds
wanted1983 folds
THE VIRGULE folds
Level_up raises 480 to 1200
Pinoman calls 480
manggy94 calls 480
*** FLOP *** [2c 8c 7c]
Level_up checks
Pinoman bets 120
manggy94 calls 120
Level_up calls 120
*** TURN *** [2c 8c 7c][Jh]
Level_up checks
Pinoman bets 540
manggy94 calls 540
Level_up calls 450 and is all-in
*** RIVER *** [2c 8c 7c Jh][Jd]
Pinoman checks
manggy94 checks
*** SHOW DOWN ***
manggy94 shows [Th As] (One pair : Jacks)
Level_up shows [Ah 9h] (One pair : Jacks)
Pinoman shows [Kh Ac] (One pair : Jacks)
Pinoman collected 5750 from pot
*** SUMMARY ***
Total pot 5750 | No rake
Board: [2c 8c 7c Jh Jd]
Seat 1: manggy94 showed [Th As] and lost with One pair : Jacks
Seat 6: Level_up showed [Ah 9h] and lost with One pair : Jacks
Seat 8: Pinoman showed [Kh Ac] and won 5750 with One pair : Jacks


Winamax Poker - Tournament "Freeroll" buyIn: 0€ + 0€ level: 7 - HandId: #695486399293423714-18-1467197470 - Holdem no limit (10/60/120) - 2016/06/29 10:51:10 UTC
Table: 'Freeroll(161930546)#097' 8-max (real money) Seat #3 is the button
Seat 1: manggy94 (5110)
Seat 2: pluchon42 (2740)
Seat 3: wanted1983 (2710)
Seat 4: THE VIRGULE (2933)
Seat 5: simon57940 (2735)
Seat 7: Antonio06220 (2810)
Seat 8: Pinoman (13962)
*** ANTE/BLINDS ***
THE VIRGULE posts ante 10
simon57940 posts ante 10
manggy94 posts ante 10
pluchon42 posts ante 10
wanted1983 posts ante 10
Antonio06220 posts ante 10
Pinoman posts ante 10
THE VIRGULE posts small blind 60
simon57940 posts big blind 120
Dealt to manggy94 [4s Qc]
*** PRE-FLOP *** 
Antonio06220 folds
Pinoman calls 120
manggy94 folds
pluchon42 folds
wanted1983 folds
THE VIRGULE calls 60
simon57940 raises 2605 to 2725 and is all-in
Pinoman folds
THE VIRGULE folds
simon57940 collected 3035 from pot
*** SUMMARY ***
Total pot 3035 | No rake
Seat 5: simon57940 (big blind) won 3035


Winamax Poker - Tournament "Freeroll" buyIn: 0€ + 0€ level: 8 - HandId: #695486399293423714-19-1467197505 - Holdem no limit (15/75/150) - 2016/06/29 10:51:45 UTC
Table: 'Freeroll(161930546)#097' 8-max (real money) Seat #4 is the button
Seat 1: manggy94 (5100)
Seat 2: pluchon42 (2730)
Seat 3: wanted1983 (2700)
Seat 4: THE VIRGULE (2803)
Seat 5: simon57940 (3035)
Seat 6: pokerchris28 (3000)
Seat 7: Antonio06220 (2800)
Seat 8: Pinoman (13832)
*** ANTE/BLINDS ***
simon57940 posts ante 15
pokerchris28 posts ante 15
manggy94 posts ante 15
pluchon42 posts ante 15
wanted1983 posts ante 15
THE VIRGULE posts ante 15
Antonio06220 posts ante 15
Pinoman posts ante 15
simon57940 posts small blind 75
pokerchris28 posts big blind 150
Dealt to manggy94 [9s 5d]
*** PRE-FLOP *** 
Antonio06220 folds
Pinoman raises 150 to 300
manggy94 folds
pluchon42 folds
wanted1983 folds
THE VIRGULE raises 2488 to 2788 and is all-in
simon57940 folds
pokerchris28 folds
Pinoman calls 2488
*** FLOP *** [5c 6s 4s]
*** TURN *** [5c 6s 4s][6h]
*** RIVER *** [5c 6s 4s 6h][Kh]
*** SHOW DOWN ***
Pinoman shows [Js Ac] (One pair : 6)
THE VIRGULE shows [6d 6c] (Quads of 6)
THE VIRGULE collected 5921 from pot
*** SUMMARY ***
Total pot 5921 | No rake
Board: [5c 6s 4s 6h Kh]
Seat 4: THE VIRGULE (button) showed [6d 6c] and won 5921 with Quads of 6
Seat 8: Pinoman showed [Js Ac] and lost with One pair : 6


Winamax Poker - Tournament "Freeroll" buyIn: 0€ + 0€ level: 8 - HandId: #695486399293423714-20-1467197532 - Holdem no limit (15/75/150) - 2016/06/29 10:52:12 UTC
Table: 'Freeroll(161930546)#097' 8-max (real money) Seat #5 is the button
Seat 1: manggy94 (5085)
Seat 2: pluchon42 (2715)
Seat 3: wanted1983 (2685)
Seat 4: THE VIRGULE (5921)
Seat 5: simon57940 (2945)
Seat 6: pokerchris28 (2835)
Seat 7: Antonio06220 (2785)
Seat 8: Pinoman (11029)
*** ANTE/BLINDS ***
pokerchris28 posts ante 15
Antonio06220 posts ante 15
manggy94 posts ante 15
pluchon42 posts ante 15
wanted1983 posts ante 15
THE VIRGULE posts ante 15
simon57940 posts ante 15
Pinoman posts ante 15
pokerchris28 posts small blind 75
Antonio06220 posts big blind 150
Dealt to manggy94 [Tc 3d]
*** PRE-FLOP *** 
Pinoman raises 10864 to 11014 and is all-in
manggy94 folds
pluchon42 folds
wanted1983 folds
THE VIRGULE folds
simon57940 calls 2930 and is all-in
pokerchris28 folds
Antonio06220 folds
*** FLOP *** [6d Kh 9c]
*** TURN *** [6d Kh 9c][7s]
*** RIVER *** [6d Kh 9c 7s][8s]
*** SHOW DOWN ***
simon57940 shows [2c 2s] (One pair : 2)
Pinoman shows [Qs Ad] (High card : Ace)
Pinoman collected 8084 from side pot 1
simon57940 collected 6205 from main pot
*** SUMMARY ***
Total pot 14289 | No rake
Board: [6d Kh 9c 7s 8s]
Seat 5: simon57940 (button) showed [2c 2s] and won 6205 with One pair : 2
Seat 8: Pinoman showed [Qs Ad] and won 8084 with High card : Ace


Winamax Poker - Tournament "Freeroll" buyIn: 0€ + 0€ level: 8 - HandId: #695486399293423714-21-1467197555 - Holdem no limit (15/75/150) - 2016/06/29 10:52:35 UTC
Table: 'Freeroll(161930546)#097' 8-max (real money) Seat #6 is the button
Seat 1: manggy94 (5070)
Seat 2: pluchon42 (2700)
Seat 3: wanted1983 (2670)
Seat 4: THE VIRGULE (5906)
Seat 5: simon57940 (6205)
Seat 6: pokerchris28 (2745)
Seat 7: Antonio06220 (2620)
Seat 8: Pinoman (8084)
*** ANTE/BLINDS ***
Antonio06220 posts ante 15
Pinoman posts ante 15
manggy94 posts ante 15
pluchon42 posts ante 15
wanted1983 posts ante 15
THE VIRGULE posts ante 15
simon57940 posts ante 15
pokerchris28 posts ante 15
Antonio06220 posts small blind 75
Pinoman posts big blind 150
Dealt to manggy94 [2s 8c]
*** PRE-FLOP *** 
manggy94 folds
pluchon42 folds
wanted1983 folds
THE VIRGULE raises 150 to 300
simon57940 folds
pokerchris28 folds
Antonio06220 folds
Pinoman folds
THE VIRGULE collected 645 from pot
*** SUMMARY ***
Total pot 645 | No rake
Seat 4: THE VIRGULE won 645


Winamax Poker - Tournament "Freeroll" buyIn: 0€ + 0€ level: 8 - HandId: #695486399293423714-22-1467197618 - Holdem no limit (15/75/150) - 2016/06/29 10:53:38 UTC
Table: 'Freeroll(161930546)#097' 8-max (real money) Seat #7 is the button
Seat 1: manggy94 (5055)
Seat 2: pluchon42 (2685)
Seat 3: wanted1983 (2655)
Seat 4: THE VIRGULE (6236)
Seat 5: simon57940 (6190)
Seat 6: pokerchris28 (2730)
Seat 7: Antonio06220 (2530)
Seat 8: Pinoman (7919)
*** ANTE/BLINDS ***
Pinoman posts ante 15
manggy94 posts ante 15
pluchon42 posts ante 15
wanted1983 posts ante 15
THE VIRGULE posts ante 15
simon57940 posts ante 15
pokerchris28 posts ante 15
Antonio06220 posts ante 15
Pinoman posts small blind 75
manggy94 posts big blind 150
Dealt to manggy94 [2c 3s]
*** PRE-FLOP *** 
pluchon42 folds
wanted1983 folds
THE VIRGULE calls 150
simon57940 calls 150
pokerchris28 calls 150
Antonio06220 folds
Pinoman raises 7754 to 7904 and is all-in
manggy94 folds
THE VIRGULE folds
simon57940 folds
pokerchris28 folds
Pinoman collected 8624 from pot
*** SUMMARY ***
Total pot 8624 | No rake
Seat 8: Pinoman (small blind) won 8624


Winamax Poker - Tournament "Freeroll" buyIn: 0€ + 0€ level: 8 - HandId: #695486399293423714-23-1467197645 - Holdem no limit (15/75/150) - 2016/06/29 10:54:05 UTC
Table: 'Freeroll(161930546)#097' 8-max (real money) Seat #8 is the button
Seat 1: manggy94 (4890)
Seat 2: pluchon42 (2670)
Seat 3: wanted1983 (2640)
Seat 4: THE VIRGULE (6071)
Seat 5: simon57940 (6025)
Seat 6: pokerchris28 (2565)
Seat 7: Antonio06220 (2515)
Seat 8: Pinoman (8624)
*** ANTE/BLINDS ***
manggy94 posts ante 15
pluchon42 posts ante 15
wanted1983 posts ante 15
THE VIRGULE posts ante 15
simon57940 posts ante 15
pokerchris28 posts ante 15
Antonio06220 posts ante 15
Pinoman posts ante 15
manggy94 posts small blind 75
pluchon42 posts big blind 150
Dealt to manggy94 [Jd 7c]
*** PRE-FLOP *** 
wanted1983 folds
THE VIRGULE raises 150 to 300
simon57940 folds
pokerchris28 folds
Antonio06220 folds
Pinoman folds
manggy94 calls 225
pluchon42 folds
*** FLOP *** [3c 5c 6s]
manggy94 bets 435
THE VIRGULE raises 435 to 870
manggy94 calls 435
*** TURN *** [3c 5c 6s][8c]
manggy94 checks
THE VIRGULE bets 2610
manggy94 folds
THE VIRGULE collected 5220 from pot
*** SUMMARY ***
Total pot 5220 | No rake
Board: [3c 5c 6s 8c]
Seat 4: THE VIRGULE won 5220


Winamax Poker - Tournament "Freeroll" buyIn: 0€ + 0€ level: 9 - HandId: #695486399293423714-24-1467197694 - Holdem no limit (20/100/200) - 2016/06/29 10:54:54 UTC
Table: 'Freeroll(161930546)#097' 8-max (real money) Seat #1 is the button
Seat 1: manggy94 (3705)
Seat 2: pluchon42 (2505)
Seat 3: wanted1983 (2625)
Seat 4: THE VIRGULE (7496)
Seat 5: simon57940 (6010)
Seat 6: pokerchris28 (2550)
Seat 7: Antonio06220 (2500)
Seat 8: Pinoman (8609)
*** ANTE/BLINDS ***
pluchon42 posts ante 20
wanted1983 posts ante 20
manggy94 posts ante 20
THE VIRGULE posts ante 20
simon57940 posts ante 20
pokerchris28 posts ante 20
Antonio06220 posts ante 20
Pinoman posts ante 20
pluchon42 posts small blind 100
wanted1983 posts big blind 200
Dealt to manggy94 [Jd Ts]
*** PRE-FLOP *** 
THE VIRGULE calls 200
simon57940 folds
pokerchris28 folds
Antonio06220 folds
Pinoman folds
manggy94 raises 3485 to 3685 and is all-in
pluchon42 folds
wanted1983 folds
THE VIRGULE raises 3485 to 7170
*** FLOP *** [8s 8h Kh]
*** TURN *** [8s 8h Kh][Kc]
*** RIVER *** [8s 8h Kh Kc][6d]
*** SHOW DOWN ***
manggy94 shows [Jd Ts] (Two pairs : Kings and 8)
THE VIRGULE shows [Ad As] (Two pairs : Aces and Kings)
THE VIRGULE collected 11315 from pot
*** SUMMARY ***
Total pot 11315 | No rake
Board: [8s 8h Kh Kc 6d]
Seat 1: manggy94 (button) showed [Jd Ts] and lost with Two pairs : Kings and 8
Seat 4: THE VIRGULE showed [Ad As] and won 11315 with Two pairs : Aces and Kings


