Winamax Poker - Tournament "LA FIEVRE" buyIn: 9€ + 1€ level: 1 - HandId: #654223570443960730-1-1459102546 - Holdem no limit (75/150) - 2016/03/27 18:15:46 UTC
Table: 'LA FIEVRE(152323295)#0409' 6-max (real money) Seat #1 is the button
Seat 1: --mimi0517 (20000)
Seat 2: manggy94 (20000)
Seat 3: titaniumcoca (20000)
Seat 4: Zlatan.10 (20000)
Seat 5: Ferdav78 (20000)
Seat 6: Cactu (20000)
*** ANTE/BLINDS ***
--mimi0517 posts small blind 75
Zlatan.10 posts big blind 150
*** PRE-FLOP *** 
--mimi0517 calls 75
Zlatan.10 checks
*** FLOP *** [9s 3h Qs]
Zlatan.10 checks
--mimi0517 bets 300
Zlatan.10 folds
--mimi0517 collected 600 from pot
*** SUMMARY ***
Total pot 600 | No rake
Board: [9s 3h Qs]
Seat 1: --mimi0517 (small blind) (button) won 600


Winamax Poker - Tournament "LA FIEVRE" buyIn: 9€ + 1€ level: 1 - HandId: #654223570443960730-2-1459102582 - Holdem no limit (75/150) - 2016/03/27 18:16:22 UTC
Table: 'LA FIEVRE(152323295)#0409' 6-max (real money) Seat #1 is the button
Seat 1: --mimi0517 (20150)
Seat 2: manggy94 (20000)
Seat 3: titaniumcoca (20000)
Seat 4: Zlatan.10 (19850)
Seat 5: Ferdav78 (20000)
Seat 6: Cactu (20000)
*** ANTE/BLINDS ***
Zlatan.10 posts small blind 75
Ferdav78 posts big blind 150
*** PRE-FLOP *** 
Cactu folds
--mimi0517 folds
Zlatan.10 folds
Ferdav78 collected 225 from pot
*** SUMMARY ***
Total pot 225 | No rake
Seat 5: Ferdav78 (big blind) won 225


Winamax Poker - Tournament "LA FIEVRE" buyIn: 9€ + 1€ level: 2 - HandId: #654223570443960730-3-1459102604 - Holdem no limit (100/200) - 2016/03/27 18:16:44 UTC
Table: 'LA FIEVRE(152323295)#0409' 6-max (real money) Seat #4 is the button
Seat 1: --mimi0517 (20150)
Seat 2: manggy94 (20000)
Seat 3: titaniumcoca (20000)
Seat 4: Zlatan.10 (19775)
Seat 5: Ferdav78 (20075)
Seat 6: Cactu (20000)
*** ANTE/BLINDS ***
Ferdav78 posts small blind 100
Cactu posts big blind 200
Dealt to manggy94 [2s 9c]
*** PRE-FLOP *** 
--mimi0517 calls 200
manggy94 folds
titaniumcoca calls 200
Zlatan.10 calls 200
Ferdav78 raises 598 to 798
Cactu raises 19202 to 20000 and is all-in
--mimi0517 folds
titaniumcoca folds
Zlatan.10 folds
Ferdav78 folds
Cactu collected 21398 from pot
*** SUMMARY ***
Total pot 21398 | No rake
Seat 6: Cactu (big blind) won 21398


Winamax Poker - Tournament "LA FIEVRE" buyIn: 9€ + 1€ level: 2 - HandId: #654223570443960730-4-1459102644 - Holdem no limit (100/200) - 2016/03/27 18:17:24 UTC
Table: 'LA FIEVRE(152323295)#0409' 6-max (real money) Seat #5 is the button
Seat 1: --mimi0517 (19950)
Seat 2: manggy94 (20000)
Seat 3: titaniumcoca (19800)
Seat 4: Zlatan.10 (19575)
Seat 5: Ferdav78 (19277)
Seat 6: Cactu (21398)
*** ANTE/BLINDS ***
Cactu posts small blind 100
--mimi0517 posts big blind 200
Dealt to manggy94 [8s Kh]
*** PRE-FLOP *** 
manggy94 calls 200
titaniumcoca folds
Zlatan.10 folds
Ferdav78 folds
Cactu folds
--mimi0517 checks
*** FLOP *** [Jh Jd 4c]
--mimi0517 checks
manggy94 bets 333
--mimi0517 folds
manggy94 collected 833 from pot
*** SUMMARY ***
Total pot 833 | No rake
Board: [Jh Jd 4c]
Seat 2: manggy94 won 833


Winamax Poker - Tournament "LA FIEVRE" buyIn: 9€ + 1€ level: 2 - HandId: #654223570443960730-5-1459102673 - Holdem no limit (100/200) - 2016/03/27 18:17:53 UTC
Table: 'LA FIEVRE(152323295)#0409' 6-max (real money) Seat #6 is the button
Seat 1: --mimi0517 (19750)
Seat 2: manggy94 (20300)
Seat 3: titaniumcoca (19800)
Seat 4: Zlatan.10 (19575)
Seat 5: Ferdav78 (19277)
Seat 6: Cactu (21298)
*** ANTE/BLINDS ***
--mimi0517 posts small blind 100
manggy94 posts big blind 200
Dealt to manggy94 [2d 3s]
*** PRE-FLOP *** 
titaniumcoca folds
Zlatan.10 folds
Ferdav78 folds
Cactu folds
--mimi0517 folds
manggy94 collected 300 from pot
*** SUMMARY ***
Total pot 300 | No rake
Seat 2: manggy94 (big blind) won 300


Winamax Poker - Tournament "LA FIEVRE" buyIn: 9€ + 1€ level: 2 - HandId: #654223570443960730-6-1459102695 - Holdem no limit (100/200) - 2016/03/27 18:18:15 UTC
Table: 'LA FIEVRE(152323295)#0409' 6-max (real money) Seat #1 is the button
Seat 1: --mimi0517 (19650)
Seat 2: manggy94 (20400)
Seat 3: titaniumcoca (19800)
Seat 4: Zlatan.10 (19575)
Seat 5: Ferdav78 (19277)
Seat 6: Cactu (21298)
*** ANTE/BLINDS ***
manggy94 posts small blind 100
titaniumcoca posts big blind 200
Dealt to manggy94 [Js 6h]
*** PRE-FLOP *** 
Zlatan.10 folds
Ferdav78 folds
Cactu raises 200 to 400
--mimi0517 folds
manggy94 folds
titaniumcoca calls 200
*** FLOP *** [9c Qc Th]
titaniumcoca checks
Cactu checks
*** TURN *** [9c Qc Th][8c]
titaniumcoca bets 450
Cactu calls 450
*** RIVER *** [9c Qc Th 8c][5s]
titaniumcoca bets 1200
Cactu folds
titaniumcoca collected 3000 from pot
*** SUMMARY ***
Total pot 3000 | No rake
Board: [9c Qc Th 8c 5s]
Seat 3: titaniumcoca (big blind) won 3000


Winamax Poker - Tournament "LA FIEVRE" buyIn: 9€ + 1€ level: 2 - HandId: #654223570443960730-7-1459102754 - Holdem no limit (100/200) - 2016/03/27 18:19:14 UTC
Table: 'LA FIEVRE(152323295)#0409' 6-max (real money) Seat #2 is the button
Seat 1: --mimi0517 (19650)
Seat 2: manggy94 (20300)
Seat 3: titaniumcoca (20750)
Seat 4: Zlatan.10 (19575)
Seat 5: Ferdav78 (19277)
Seat 6: Cactu (20448)
*** ANTE/BLINDS ***
titaniumcoca posts small blind 100
Zlatan.10 posts big blind 200
Dealt to manggy94 [8d Qs]
*** PRE-FLOP *** 
Ferdav78 folds
Cactu folds
--mimi0517 folds
manggy94 folds
titaniumcoca calls 100
Zlatan.10 checks
*** FLOP *** [Kd Ah 9d]
titaniumcoca bets 200
Zlatan.10 calls 200
*** TURN *** [Kd Ah 9d][Tc]
titaniumcoca checks
Zlatan.10 bets 800
titaniumcoca calls 800
*** RIVER *** [Kd Ah 9d Tc][4d]
titaniumcoca bets 1600
Zlatan.10 calls 1600
*** SHOW DOWN ***
titaniumcoca shows [Kh 4s] (Two pairs : Kings and 4)
Zlatan.10 shows [9c Ac] (Two pairs : Aces and 9)
Zlatan.10 collected 5600 from pot
*** SUMMARY ***
Total pot 5600 | No rake
Board: [Kd Ah 9d Tc 4d]
Seat 3: titaniumcoca (small blind) showed [Kh 4s] and lost with Two pairs : Kings and 4
Seat 4: Zlatan.10 (big blind) showed [9c Ac] and won 5600 with Two pairs : Aces and 9


Winamax Poker - Tournament "LA FIEVRE" buyIn: 9€ + 1€ level: 2 - HandId: #654223570443960730-8-1459102845 - Holdem no limit (100/200) - 2016/03/27 18:20:45 UTC
Table: 'LA FIEVRE(152323295)#0409' 6-max (real money) Seat #3 is the button
Seat 1: --mimi0517 (19650)
Seat 2: manggy94 (20300)
Seat 3: titaniumcoca (17950)
Seat 4: Zlatan.10 (22375)
Seat 5: Ferdav78 (19277)
Seat 6: Cactu (20448)
*** ANTE/BLINDS ***
Zlatan.10 posts small blind 100
Ferdav78 posts big blind 200
Dealt to manggy94 [3s 5c]
*** PRE-FLOP *** 
Cactu folds
--mimi0517 folds
manggy94 folds
titaniumcoca raises 400 to 600
Zlatan.10 folds
Ferdav78 folds
titaniumcoca collected 900 from pot
*** SUMMARY ***
Total pot 900 | No rake
Seat 3: titaniumcoca (button) won 900


Winamax Poker - Tournament "LA FIEVRE" buyIn: 9€ + 1€ level: 2 - HandId: #654223570443960730-9-1459102883 - Holdem no limit (100/200) - 2016/03/27 18:21:23 UTC
Table: 'LA FIEVRE(152323295)#0409' 6-max (real money) Seat #4 is the button
Seat 1: --mimi0517 (19650)
Seat 2: manggy94 (20300)
Seat 3: titaniumcoca (18250)
Seat 4: Zlatan.10 (22275)
Seat 5: Ferdav78 (19077)
Seat 6: Cactu (20448)
*** ANTE/BLINDS ***
Ferdav78 posts small blind 100
Cactu posts big blind 200
Dealt to manggy94 [Jd 7s]
*** PRE-FLOP *** 
--mimi0517 calls 200
manggy94 folds
titaniumcoca folds
Zlatan.10 calls 200
Ferdav78 folds
Cactu checks
*** FLOP *** [5s 5h 2c]
Cactu checks
--mimi0517 bets 500
Zlatan.10 folds
Cactu calls 500
*** TURN *** [5s 5h 2c][4s]
Cactu checks
--mimi0517 checks
*** RIVER *** [5s 5h 2c 4s][Qd]
Cactu checks
--mimi0517 checks
*** SHOW DOWN ***
Cactu shows [2s 9c] (Two pairs : 5 and 2)
--mimi0517 shows [3c 3s] (Two pairs : 5 and 3)
--mimi0517 collected 1700 from pot
*** SUMMARY ***
Total pot 1700 | No rake
Board: [5s 5h 2c 4s Qd]
Seat 1: --mimi0517 showed [3c 3s] and won 1700 with Two pairs : 5 and 3
Seat 6: Cactu (big blind) showed [2s 9c] and lost with Two pairs : 5 and 2


Winamax Poker - Tournament "LA FIEVRE" buyIn: 9€ + 1€ level: 2 - HandId: #654223570443960730-10-1459102939 - Holdem no limit (100/200) - 2016/03/27 18:22:19 UTC
Table: 'LA FIEVRE(152323295)#0409' 6-max (real money) Seat #5 is the button
Seat 1: --mimi0517 (20650)
Seat 2: manggy94 (20300)
Seat 3: titaniumcoca (18250)
Seat 4: Zlatan.10 (22075)
Seat 5: Ferdav78 (18977)
Seat 6: Cactu (19748)
*** ANTE/BLINDS ***
Cactu posts small blind 100
--mimi0517 posts big blind 200
Dealt to manggy94 [8d Th]
*** PRE-FLOP *** 
manggy94 folds
titaniumcoca raises 300 to 500
Zlatan.10 folds
Ferdav78 raises 1020 to 1520
Cactu folds
--mimi0517 folds
titaniumcoca folds
Ferdav78 collected 2320 from pot
*** SUMMARY ***
Total pot 2320 | No rake
Seat 5: Ferdav78 (button) won 2320


Winamax Poker - Tournament "LA FIEVRE" buyIn: 9€ + 1€ level: 2 - HandId: #654223570443960730-11-1459102973 - Holdem no limit (100/200) - 2016/03/27 18:22:53 UTC
Table: 'LA FIEVRE(152323295)#0409' 6-max (real money) Seat #6 is the button
Seat 1: --mimi0517 (20450)
Seat 2: manggy94 (20300)
Seat 3: titaniumcoca (17750)
Seat 4: Zlatan.10 (22075)
Seat 5: Ferdav78 (19777)
Seat 6: Cactu (19648)
*** ANTE/BLINDS ***
--mimi0517 posts small blind 100
manggy94 posts big blind 200
Dealt to manggy94 [2c 4s]
*** PRE-FLOP *** 
titaniumcoca folds
Zlatan.10 raises 200 to 400
Ferdav78 folds
Cactu folds
--mimi0517 calls 300
manggy94 calls 200
*** FLOP *** [7h Td 3s]
--mimi0517 checks
manggy94 checks
Zlatan.10 checks
*** TURN *** [7h Td 3s][9c]
--mimi0517 checks
manggy94 checks
Zlatan.10 bets 600
--mimi0517 calls 600
manggy94 folds
*** RIVER *** [7h Td 3s 9c][8s]
--mimi0517 checks
Zlatan.10 bets 2600
--mimi0517 folds
Zlatan.10 collected 5000 from pot
*** SUMMARY ***
Total pot 5000 | No rake
Board: [7h Td 3s 9c 8s]
Seat 4: Zlatan.10 won 5000


Winamax Poker - Tournament "LA FIEVRE" buyIn: 9€ + 1€ level: 2 - HandId: #654223570443960730-12-1459103052 - Holdem no limit (100/200) - 2016/03/27 18:24:12 UTC
Table: 'LA FIEVRE(152323295)#0409' 6-max (real money) Seat #1 is the button
Seat 1: --mimi0517 (19450)
Seat 2: manggy94 (19900)
Seat 3: titaniumcoca (17750)
Seat 4: Zlatan.10 (23475)
Seat 5: Ferdav78 (19777)
Seat 6: Cactu (19648)
*** ANTE/BLINDS ***
manggy94 posts small blind 100
titaniumcoca posts big blind 200
Dealt to manggy94 [2s As]
*** PRE-FLOP *** 
Zlatan.10 folds
Ferdav78 folds
Cactu folds
--mimi0517 folds
manggy94 calls 100
titaniumcoca checks
*** FLOP *** [Ks 4d 9c]
manggy94 checks
titaniumcoca checks
*** TURN *** [Ks 4d 9c][Ts]
manggy94 bets 267
titaniumcoca folds
manggy94 collected 667 from pot
*** SUMMARY ***
Total pot 667 | No rake
Board: [Ks 4d 9c Ts]
Seat 2: manggy94 (small blind) won 667


Winamax Poker - Tournament "LA FIEVRE" buyIn: 9€ + 1€ level: 3 - HandId: #654223570443960730-13-1459103089 - Holdem no limit (150/300) - 2016/03/27 18:24:49 UTC
Table: 'LA FIEVRE(152323295)#0409' 6-max (real money) Seat #2 is the button
Seat 1: --mimi0517 (19450)
Seat 2: manggy94 (20100)
Seat 3: titaniumcoca (17550)
Seat 4: Zlatan.10 (23475)
Seat 5: Ferdav78 (19777)
Seat 6: Cactu (19648)
*** ANTE/BLINDS ***
titaniumcoca posts small blind 150
Zlatan.10 posts big blind 300
Dealt to manggy94 [Ac 4h]
*** PRE-FLOP *** 
Ferdav78 folds
Cactu folds
--mimi0517 folds
manggy94 calls 300
titaniumcoca folds
Zlatan.10 checks
*** FLOP *** [9c Ad 5s]
Zlatan.10 checks
manggy94 bets 500
Zlatan.10 folds
manggy94 collected 1250 from pot
*** SUMMARY ***
Total pot 1250 | No rake
Board: [9c Ad 5s]
Seat 2: manggy94 (button) won 1250


Winamax Poker - Tournament "LA FIEVRE" buyIn: 9€ + 1€ level: 3 - HandId: #654223570443960730-14-1459103115 - Holdem no limit (150/300) - 2016/03/27 18:25:15 UTC
Table: 'LA FIEVRE(152323295)#0409' 6-max (real money) Seat #3 is the button
Seat 1: --mimi0517 (19450)
Seat 2: manggy94 (20550)
Seat 3: titaniumcoca (17400)
Seat 4: Zlatan.10 (23175)
Seat 5: Ferdav78 (19777)
Seat 6: Cactu (19648)
*** ANTE/BLINDS ***
Zlatan.10 posts small blind 150
Ferdav78 posts big blind 300
Dealt to manggy94 [Ks 9h]
*** PRE-FLOP *** 
Cactu raises 300 to 600
--mimi0517 calls 600
manggy94 calls 600
titaniumcoca calls 600
Zlatan.10 folds
Ferdav78 raises 3150 to 3750
Cactu folds
--mimi0517 folds
manggy94 calls 3150
titaniumcoca folds
*** FLOP *** [7h 4d Ac]
Ferdav78 bets 4725
manggy94 folds
Ferdav78 collected 14175 from pot
*** SUMMARY ***
Total pot 14175 | No rake
Board: [7h 4d Ac]
Seat 5: Ferdav78 (big blind) won 14175


Winamax Poker - Tournament "LA FIEVRE" buyIn: 9€ + 1€ level: 3 - HandId: #654223570443960730-15-1459103157 - Holdem no limit (150/300) - 2016/03/27 18:25:57 UTC
Table: 'LA FIEVRE(152323295)#0409' 6-max (real money) Seat #4 is the button
Seat 1: --mimi0517 (18850)
Seat 2: manggy94 (16800)
Seat 3: titaniumcoca (16800)
Seat 4: Zlatan.10 (23025)
Seat 5: Ferdav78 (25477)
Seat 6: Cactu (19048)
*** ANTE/BLINDS ***
Ferdav78 posts small blind 150
Cactu posts big blind 300
Dealt to manggy94 [5s 2h]
*** PRE-FLOP *** 
--mimi0517 folds
manggy94 folds
titaniumcoca folds
Zlatan.10 calls 300
Ferdav78 calls 150
Cactu checks
*** FLOP *** [Ac 4h Kh]
Ferdav78 checks
Cactu checks
Zlatan.10 checks
*** TURN *** [Ac 4h Kh][Jd]
Ferdav78 bets 300
Cactu calls 300
Zlatan.10 folds
*** RIVER *** [Ac 4h Kh Jd][3c]
Ferdav78 bets 300
Cactu calls 300
*** SHOW DOWN ***
Cactu shows [As 2c] (One pair : Aces)
Ferdav78 shows [8h Ad] (One pair : Aces)
Ferdav78 collected 2100 from pot
*** SUMMARY ***
Total pot 2100 | No rake
Board: [Ac 4h Kh Jd 3c]
Seat 5: Ferdav78 (small blind) showed [8h Ad] and won 2100 with One pair : Aces
Seat 6: Cactu (big blind) showed [As 2c] and lost with One pair : Aces


Winamax Poker - Tournament "LA FIEVRE" buyIn: 9€ + 1€ level: 3 - HandId: #654223570443960730-16-1459103223 - Holdem no limit (150/300) - 2016/03/27 18:27:03 UTC
Table: 'LA FIEVRE(152323295)#0409' 6-max (real money) Seat #5 is the button
Seat 1: --mimi0517 (18850)
Seat 2: manggy94 (16800)
Seat 3: titaniumcoca (16800)
Seat 4: Zlatan.10 (22725)
Seat 5: Ferdav78 (26677)
Seat 6: Cactu (18148)
*** ANTE/BLINDS ***
Cactu posts small blind 150
--mimi0517 posts big blind 300
Dealt to manggy94 [3s 9s]
*** PRE-FLOP *** 
manggy94 folds
titaniumcoca folds
Zlatan.10 folds
Ferdav78 raises 450 to 750
Cactu raises 1500 to 2250
--mimi0517 folds
Ferdav78 folds
Cactu collected 3300 from pot
*** SUMMARY ***
Total pot 3300 | No rake
Seat 6: Cactu (small blind) won 3300


Winamax Poker - Tournament "LA FIEVRE" buyIn: 9€ + 1€ level: 3 - HandId: #654223570443960730-17-1459103252 - Holdem no limit (150/300) - 2016/03/27 18:27:32 UTC
Table: 'LA FIEVRE(152323295)#0409' 6-max (real money) Seat #6 is the button
Seat 1: --mimi0517 (18550)
Seat 2: manggy94 (16800)
Seat 3: titaniumcoca (16800)
Seat 4: Zlatan.10 (22725)
Seat 5: Ferdav78 (25927)
Seat 6: Cactu (19198)
*** ANTE/BLINDS ***
--mimi0517 posts small blind 150
manggy94 posts big blind 300
Dealt to manggy94 [Qs 3h]
*** PRE-FLOP *** 
titaniumcoca folds
Zlatan.10 raises 900 to 1200
Ferdav78 calls 1200
Cactu folds
--mimi0517 folds
manggy94 folds
*** FLOP *** [9s 9h Ac]
Zlatan.10 bets 1425
Ferdav78 raises 2138 to 3563
Zlatan.10 folds
Ferdav78 collected 7838 from pot
*** SUMMARY ***
Total pot 7838 | No rake
Board: [9s 9h Ac]
Seat 5: Ferdav78 won 7838


Winamax Poker - Tournament "LA FIEVRE" buyIn: 9€ + 1€ level: 3 - HandId: #654223570443960730-18-1459103293 - Holdem no limit (150/300) - 2016/03/27 18:28:13 UTC
Table: 'LA FIEVRE(152323295)#0409' 6-max (real money) Seat #1 is the button
Seat 1: --mimi0517 (18400)
Seat 2: manggy94 (16500)
Seat 3: titaniumcoca (16800)
Seat 4: Zlatan.10 (20100)
Seat 5: Ferdav78 (29002)
Seat 6: Cactu (19198)
*** ANTE/BLINDS ***
manggy94 posts small blind 150
titaniumcoca posts big blind 300
Dealt to manggy94 [Tc Kc]
*** PRE-FLOP *** 
Zlatan.10 folds
Ferdav78 folds
Cactu folds
--mimi0517 raises 600 to 900
manggy94 raises 2100 to 3000
titaniumcoca folds
--mimi0517 raises 15400 to 18400 and is all-in
manggy94 calls 13500 and is all-in
*** FLOP *** [2h Jc Jd]
*** TURN *** [2h Jc Jd][Ad]
*** RIVER *** [2h Jc Jd Ad][Ts]
*** SHOW DOWN ***
manggy94 shows [Tc Kc] (Two pairs : Jacks and Tens)
--mimi0517 shows [As Js] (Full of Jacks and Aces)
--mimi0517 collected 35200 from pot
*** SUMMARY ***
Total pot 35200 | No rake
Board: [2h Jc Jd Ad Ts]
Seat 1: --mimi0517 (button) showed [As Js] and won 35200 with Full of Jacks and Aces
Seat 2: manggy94 (small blind) showed [Tc Kc] and lost with Two pairs : Jacks and Tens


Winamax Poker - Tournament "LA FIEVRE" buyIn: 9€ + 1€ level: 3 - HandId: #654223570443960842-2-1459103382 - Holdem no limit (150/300) - 2016/03/27 18:29:42 UTC
Table: 'LA FIEVRE(152323295)#0521' 6-max (real money) Seat #2 is the button
Seat 1: Bili38100 (20000)
Seat 2: alu7799 (19850)
Seat 3: palleca5 (19400)
Seat 4: manggy94 (20000)
Seat 5: Shuraki Kata (20750)
Seat 6: Fan2Pogba (20000)
*** ANTE/BLINDS ***
palleca5 posts small blind 150
manggy94 posts big blind 300
Dealt to manggy94 [7c 8s]
*** PRE-FLOP *** 
Shuraki Kata folds
Fan2Pogba folds
Bili38100 folds
alu7799 folds
palleca5 calls 150
manggy94 checks
*** FLOP *** [5h Tc 7h]
palleca5 bets 600
manggy94 calls 600
*** TURN *** [5h Tc 7h][Ad]
palleca5 bets 900
manggy94 calls 900
*** RIVER *** [5h Tc 7h Ad][4c]
palleca5 bets 900
manggy94 folds
palleca5 collected 4500 from pot
*** SUMMARY ***
Total pot 4500 | No rake
Board: [5h Tc 7h Ad 4c]
Seat 3: palleca5 (small blind) won 4500


Winamax Poker - Tournament "LA FIEVRE" buyIn: 9€ + 1€ level: 3 - HandId: #654223570443960842-3-1459103537 - Holdem no limit (150/300) - 2016/03/27 18:32:17 UTC
Table: 'LA FIEVRE(152323295)#0521' 6-max (real money) Seat #3 is the button
Seat 1: Bili38100 (20000)
Seat 2: alu7799 (19850)
Seat 3: palleca5 (21200)
Seat 4: manggy94 (18200)
Seat 5: Shuraki Kata (20750)
Seat 6: Fan2Pogba (20000)
*** ANTE/BLINDS ***
manggy94 posts small blind 150
Shuraki Kata posts big blind 300
Dealt to manggy94 [2s Tc]
*** PRE-FLOP *** 
Fan2Pogba folds
Bili38100 calls 300
alu7799 raises 1200 to 1500
palleca5 folds
manggy94 folds
Shuraki Kata calls 1200
Bili38100 calls 1200
*** FLOP *** [8s 4s Kh]
Shuraki Kata checks
Bili38100 checks
alu7799 bets 2700
Shuraki Kata calls 2700
Bili38100 raises 15800 to 18500 and is all-in
alu7799 calls 15650 and is all-in
Shuraki Kata folds
*** TURN *** [8s 4s Kh][Ks]
*** RIVER *** [8s 4s Kh Ks][4c]
*** SHOW DOWN ***
alu7799 shows [9d 9c] (Two pairs : Kings and 9)
Bili38100 shows [Qd Kd] (Full of Kings and 4)
Bili38100 collected 44200 from pot
*** SUMMARY ***
Total pot 44200 | No rake
Board: [8s 4s Kh Ks 4c]
Seat 1: Bili38100 showed [Qd Kd] and won 44200 with Full of Kings and 4
Seat 2: alu7799 showed [9d 9c] and lost with Two pairs : Kings and 9


Winamax Poker - Tournament "LA FIEVRE" buyIn: 9€ + 1€ level: 4 - HandId: #654223570443960842-4-1459103618 - Holdem no limit (25/150/300) - 2016/03/27 18:33:38 UTC
Table: 'LA FIEVRE(152323295)#0521' 6-max (real money) Seat #4 is the button
Seat 1: Bili38100 (44200)
Seat 2: zadinho88 (20000)
Seat 3: palleca5 (21200)
Seat 4: manggy94 (18050)
Seat 5: Shuraki Kata (16550)
Seat 6: Fan2Pogba (20000)
*** ANTE/BLINDS ***
Shuraki Kata posts ante 25
Fan2Pogba posts ante 25
Bili38100 posts ante 25
zadinho88 posts ante 25
palleca5 posts ante 25
manggy94 posts ante 25
Shuraki Kata posts small blind 150
Fan2Pogba posts big blind 300
Dealt to manggy94 [As Qd]
*** PRE-FLOP *** 
Bili38100 calls 300
zadinho88 folds
palleca5 folds
manggy94 raises 1200 to 1500
Shuraki Kata folds
Fan2Pogba folds
Bili38100 calls 1200
*** FLOP *** [8c Ts 6s]
Bili38100 bets 300
manggy94 raises 4200 to 4500
Bili38100 folds
manggy94 collected 8400 from pot
*** SUMMARY ***
Total pot 8400 | No rake
Board: [8c Ts 6s]
Seat 4: manggy94 (button) won 8400


Winamax Poker - Tournament "LA FIEVRE" buyIn: 9€ + 1€ level: 4 - HandId: #654223570443960842-5-1459103668 - Holdem no limit (25/150/300) - 2016/03/27 18:34:28 UTC
Table: 'LA FIEVRE(152323295)#0521' 6-max (real money) Seat #5 is the button
Seat 1: Bili38100 (42375)
Seat 2: zadinho88 (19975)
Seat 3: palleca5 (21175)
Seat 4: manggy94 (20425)
Seat 5: Shuraki Kata (16375)
Seat 6: Fan2Pogba (19675)
*** ANTE/BLINDS ***
Fan2Pogba posts ante 25
Bili38100 posts ante 25
zadinho88 posts ante 25
palleca5 posts ante 25
manggy94 posts ante 25
Shuraki Kata posts ante 25
Fan2Pogba posts small blind 150
Bili38100 posts big blind 300
Dealt to manggy94 [Kc 8d]
*** PRE-FLOP *** 
zadinho88 folds
palleca5 folds
manggy94 calls 300
Shuraki Kata folds
Fan2Pogba folds
Bili38100 checks
*** FLOP *** [6s Ks Ah]
Bili38100 checks
manggy94 bets 675
Bili38100 folds
manggy94 collected 1575 from pot
*** SUMMARY ***
Total pot 1575 | No rake
Board: [6s Ks Ah]
Seat 4: manggy94 won 1575


Winamax Poker - Tournament "LA FIEVRE" buyIn: 9€ + 1€ level: 4 - HandId: #654223570443960842-6-1459103718 - Holdem no limit (25/150/300) - 2016/03/27 18:35:18 UTC
Table: 'LA FIEVRE(152323295)#0521' 6-max (real money) Seat #6 is the button
Seat 1: Bili38100 (42050)
Seat 2: zadinho88 (19950)
Seat 3: palleca5 (21150)
Seat 4: manggy94 (21000)
Seat 5: Shuraki Kata (16350)
Seat 6: Fan2Pogba (19500)
*** ANTE/BLINDS ***
Bili38100 posts ante 25
zadinho88 posts ante 25
palleca5 posts ante 25
manggy94 posts ante 25
Shuraki Kata posts ante 25
Fan2Pogba posts ante 25
Bili38100 posts small blind 150
zadinho88 posts big blind 300
Dealt to manggy94 [Td Qs]
*** PRE-FLOP *** 
palleca5 folds
manggy94 calls 300
Shuraki Kata folds
Fan2Pogba folds
Bili38100 calls 150
zadinho88 checks
*** FLOP *** [7c 4c 6h]
Bili38100 checks
zadinho88 checks
manggy94 checks
*** TURN *** [7c 4c 6h][Qd]
Bili38100 checks
zadinho88 checks
manggy94 bets 1050
Bili38100 folds
zadinho88 calls 1050
*** RIVER *** [7c 4c 6h Qd][4s]
zadinho88 checks
manggy94 checks
*** SHOW DOWN ***
manggy94 shows [Td Qs] (Two pairs : Queens and 4)
zadinho88 shows [5s 4d] (Trips of 4)
zadinho88 collected 3150 from pot
*** SUMMARY ***
Total pot 3150 | No rake
Board: [7c 4c 6h Qd 4s]
Seat 2: zadinho88 (big blind) showed [5s 4d] and won 3150 with Trips of 4
Seat 4: manggy94 showed [Td Qs] and lost with Two pairs : Queens and 4


Winamax Poker - Tournament "LA FIEVRE" buyIn: 9€ + 1€ level: 4 - HandId: #654223570443960842-7-1459103840 - Holdem no limit (25/150/300) - 2016/03/27 18:37:20 UTC
Table: 'LA FIEVRE(152323295)#0521' 6-max (real money) Seat #1 is the button
Seat 1: Bili38100 (41725)
Seat 2: zadinho88 (21725)
Seat 3: palleca5 (21125)
Seat 4: manggy94 (19625)
Seat 5: Shuraki Kata (16325)
Seat 6: Fan2Pogba (19475)
*** ANTE/BLINDS ***
zadinho88 posts ante 25
palleca5 posts ante 25
Bili38100 posts ante 25
manggy94 posts ante 25
Shuraki Kata posts ante 25
Fan2Pogba posts ante 25
zadinho88 posts small blind 150
palleca5 posts big blind 300
Dealt to manggy94 [8c 5s]
*** PRE-FLOP *** 
manggy94 folds
Shuraki Kata calls 300
Fan2Pogba raises 600 to 900
Bili38100 folds
zadinho88 folds
palleca5 calls 600
Shuraki Kata calls 600
*** FLOP *** [7d 3s 4h]
palleca5 bets 2250
Shuraki Kata folds
Fan2Pogba folds
palleca5 collected 5250 from pot
*** SUMMARY ***
Total pot 5250 | No rake
Board: [7d 3s 4h]
Seat 3: palleca5 (big blind) won 5250


Winamax Poker - Tournament "LA FIEVRE" buyIn: 9€ + 1€ level: 4 - HandId: #654223570443960842-8-1459103934 - Holdem no limit (25/150/300) - 2016/03/27 18:38:54 UTC
Table: 'LA FIEVRE(152323295)#0521' 6-max (real money) Seat #2 is the button
Seat 1: Bili38100 (41700)
Seat 2: zadinho88 (21550)
Seat 3: palleca5 (23200)
Seat 4: manggy94 (19600)
Seat 5: Shuraki Kata (15400)
Seat 6: Fan2Pogba (18550)
*** ANTE/BLINDS ***
palleca5 posts ante 25
manggy94 posts ante 25
Bili38100 posts ante 25
zadinho88 posts ante 25
Shuraki Kata posts ante 25
Fan2Pogba posts ante 25
palleca5 posts small blind 150
manggy94 posts big blind 300
Dealt to manggy94 [9c Js]
*** PRE-FLOP *** 
Shuraki Kata calls 300
Fan2Pogba folds
Bili38100 folds
zadinho88 folds
palleca5 folds
manggy94 checks
*** FLOP *** [2c Ac 3d]
manggy94 bets 600
Shuraki Kata calls 600
*** TURN *** [2c Ac 3d][9d]
manggy94 checks
Shuraki Kata checks
*** RIVER *** [2c Ac 3d 9d][As]
manggy94 checks
Shuraki Kata checks
*** SHOW DOWN ***
manggy94 shows [9c Js] (Two pairs : Aces and 9)
Shuraki Kata shows [Qd Qs] (Two pairs : Aces and Queens)
Shuraki Kata collected 2100 from pot
*** SUMMARY ***
Total pot 2100 | No rake
Board: [2c Ac 3d 9d As]
Seat 4: manggy94 (big blind) showed [9c Js] and lost with Two pairs : Aces and 9
Seat 5: Shuraki Kata showed [Qd Qs] and won 2100 with Two pairs : Aces and Queens


Winamax Poker - Tournament "LA FIEVRE" buyIn: 9€ + 1€ level: 4 - HandId: #654223570443960842-9-1459103987 - Holdem no limit (25/150/300) - 2016/03/27 18:39:47 UTC
Table: 'LA FIEVRE(152323295)#0521' 6-max (real money) Seat #3 is the button
Seat 1: Bili38100 (41675)
Seat 2: zadinho88 (21525)
Seat 3: palleca5 (23025)
Seat 4: manggy94 (18675)
Seat 5: Shuraki Kata (16575)
Seat 6: Fan2Pogba (18525)
*** ANTE/BLINDS ***
manggy94 posts ante 25
Shuraki Kata posts ante 25
Bili38100 posts ante 25
zadinho88 posts ante 25
palleca5 posts ante 25
Fan2Pogba posts ante 25
manggy94 posts small blind 150
Shuraki Kata posts big blind 300
Dealt to manggy94 [4c 4h]
*** PRE-FLOP *** 
Fan2Pogba folds
Bili38100 folds
zadinho88 folds
palleca5 raises 300 to 600
manggy94 raises 1650 to 2250
Shuraki Kata folds
palleca5 folds
manggy94 collected 3300 from pot
*** SUMMARY ***
Total pot 3300 | No rake
Seat 4: manggy94 (small blind) won 3300


Winamax Poker - Tournament "LA FIEVRE" buyIn: 9€ + 1€ level: 5 - HandId: #654223570443960842-10-1459104049 - Holdem no limit (30/200/400) - 2016/03/27 18:40:49 UTC
Table: 'LA FIEVRE(152323295)#0521' 6-max (real money) Seat #4 is the button
Seat 1: Bili38100 (41650)
Seat 2: zadinho88 (21500)
Seat 3: palleca5 (22400)
Seat 4: manggy94 (19700)
Seat 5: Shuraki Kata (16250)
Seat 6: Fan2Pogba (18500)
*** ANTE/BLINDS ***
Shuraki Kata posts ante 30
Fan2Pogba posts ante 30
Bili38100 posts ante 30
zadinho88 posts ante 30
palleca5 posts ante 30
manggy94 posts ante 30
Shuraki Kata posts small blind 200
Fan2Pogba posts big blind 400
Dealt to manggy94 [As 9d]
*** PRE-FLOP *** 
Bili38100 folds
zadinho88 folds
palleca5 folds
manggy94 raises 800 to 1200
Shuraki Kata calls 1000
Fan2Pogba folds
*** FLOP *** [2d 3h 4h]
Shuraki Kata checks
manggy94 checks
*** TURN *** [2d 3h 4h][9c]
Shuraki Kata checks
manggy94 bets 2980
Shuraki Kata folds
manggy94 collected 5960 from pot
*** SUMMARY ***
Total pot 5960 | No rake
Board: [2d 3h 4h 9c]
Seat 4: manggy94 (button) won 5960


Winamax Poker - Tournament "LA FIEVRE" buyIn: 9€ + 1€ level: 5 - HandId: #654223570443960842-11-1459104100 - Holdem no limit (30/200/400) - 2016/03/27 18:41:40 UTC
Table: 'LA FIEVRE(152323295)#0521' 6-max (real money) Seat #5 is the button
Seat 1: Bili38100 (41620)
Seat 2: zadinho88 (21470)
Seat 3: palleca5 (22370)
Seat 4: manggy94 (21450)
Seat 5: Shuraki Kata (15020)
Seat 6: Fan2Pogba (18070)
*** ANTE/BLINDS ***
Fan2Pogba posts ante 30
Bili38100 posts ante 30
zadinho88 posts ante 30
palleca5 posts ante 30
manggy94 posts ante 30
Shuraki Kata posts ante 30
Fan2Pogba posts small blind 200
Bili38100 posts big blind 400
Dealt to manggy94 [6h 3d]
*** PRE-FLOP *** 
zadinho88 folds
palleca5 folds
manggy94 folds
Shuraki Kata raises 1180 to 1580
Fan2Pogba folds
Bili38100 calls 1180
*** FLOP *** [5c 2c 4h]
Bili38100 bets 400
Shuraki Kata raises 4340 to 4740
Bili38100 folds
Shuraki Kata collected 8680 from pot
*** SUMMARY ***
Total pot 8680 | No rake
Board: [5c 2c 4h]
Seat 5: Shuraki Kata (button) won 8680


Winamax Poker - Tournament "LA FIEVRE" buyIn: 9€ + 1€ level: 5 - HandId: #654223570443960842-12-1459104163 - Holdem no limit (30/200/400) - 2016/03/27 18:42:43 UTC
Table: 'LA FIEVRE(152323295)#0521' 6-max (real money) Seat #6 is the button
Seat 1: Bili38100 (39610)
Seat 2: zadinho88 (21440)
Seat 3: palleca5 (22340)
Seat 4: manggy94 (21420)
Seat 5: Shuraki Kata (17350)
Seat 6: Fan2Pogba (17840)
*** ANTE/BLINDS ***
Bili38100 posts ante 30
zadinho88 posts ante 30
palleca5 posts ante 30
manggy94 posts ante 30
Shuraki Kata posts ante 30
Fan2Pogba posts ante 30
Bili38100 posts small blind 200
zadinho88 posts big blind 400
Dealt to manggy94 [3d 9s]
*** PRE-FLOP *** 
palleca5 raises 1180 to 1580
manggy94 folds
Shuraki Kata folds
Fan2Pogba folds
Bili38100 calls 1380
zadinho88 folds
*** FLOP *** [Qc 8d 8h]
Bili38100 checks
palleca5 bets 1870
Bili38100 calls 1870
*** TURN *** [Qc 8d 8h][Qs]
Bili38100 checks
palleca5 checks
*** RIVER *** [Qc 8d 8h Qs][Kd]
Bili38100 bets 3740
palleca5 folds
Bili38100 collected 11220 from pot
*** SUMMARY ***
Total pot 11220 | No rake
Board: [Qc 8d 8h Qs Kd]
Seat 1: Bili38100 (small blind) won 11220


Winamax Poker - Tournament "LA FIEVRE" buyIn: 9€ + 1€ level: 5 - HandId: #654223570443960842-13-1459104225 - Holdem no limit (30/200/400) - 2016/03/27 18:43:45 UTC
Table: 'LA FIEVRE(152323295)#0521' 6-max (real money) Seat #1 is the button
Seat 1: Bili38100 (43610)
Seat 2: zadinho88 (21010)
Seat 3: palleca5 (18860)
Seat 4: manggy94 (21390)
Seat 5: Shuraki Kata (17320)
Seat 6: Fan2Pogba (17810)
*** ANTE/BLINDS ***
zadinho88 posts ante 30
palleca5 posts ante 30
Bili38100 posts ante 30
manggy94 posts ante 30
Shuraki Kata posts ante 30
Fan2Pogba posts ante 30
zadinho88 posts small blind 200
palleca5 posts big blind 400
Dealt to manggy94 [4c Qs]
*** PRE-FLOP *** 
manggy94 folds
Shuraki Kata folds
Fan2Pogba folds
Bili38100 raises 800 to 1200
zadinho88 folds
palleca5 calls 800
*** FLOP *** [5c Td 9c]
palleca5 checks
Bili38100 bets 400
palleca5 calls 400
*** TURN *** [5c Td 9c][6s]
palleca5 checks
Bili38100 bets 400
palleca5 calls 400
*** RIVER *** [5c Td 9c 6s][6h]
palleca5 bets 2920
Bili38100 calls 2920
*** SHOW DOWN ***
palleca5 shows [2h 8h] (One pair : 6)
Bili38100 shows [Ad Jd] (One pair : 6)
Bili38100 collected 10220 from pot
*** SUMMARY ***
Total pot 10220 | No rake
Board: [5c Td 9c 6s 6h]
Seat 1: Bili38100 (button) showed [Ad Jd] and won 10220 with One pair : 6
Seat 3: palleca5 (big blind) showed [2h 8h] and lost with One pair : 6


Winamax Poker - Tournament "LA FIEVRE" buyIn: 9€ + 1€ level: 5 - HandId: #654223570443960842-14-1459104282 - Holdem no limit (30/200/400) - 2016/03/27 18:44:42 UTC
Table: 'LA FIEVRE(152323295)#0521' 6-max (real money) Seat #2 is the button
Seat 1: Bili38100 (48880)
Seat 2: zadinho88 (20780)
Seat 3: palleca5 (13910)
Seat 4: manggy94 (21360)
Seat 5: Shuraki Kata (17290)
Seat 6: Fan2Pogba (17780)
*** ANTE/BLINDS ***
palleca5 posts ante 30
manggy94 posts ante 30
Bili38100 posts ante 30
zadinho88 posts ante 30
Shuraki Kata posts ante 30
Fan2Pogba posts ante 30
palleca5 posts small blind 200
manggy94 posts big blind 400
Dealt to manggy94 [Ah 7h]
*** PRE-FLOP *** 
Shuraki Kata folds
Fan2Pogba folds
Bili38100 calls 400
zadinho88 folds
palleca5 raises 1800 to 2200
manggy94 calls 1800
Bili38100 folds
*** FLOP *** [5c 7d 4s]
palleca5 bets 11680 and is all-in
manggy94 calls 11680
*** TURN *** [5c 7d 4s][6c]
*** RIVER *** [5c 7d 4s 6c][3c]
*** SHOW DOWN ***
palleca5 shows [9h Ad] (Straight 7 high)
manggy94 shows [Ah 7h] (Straight 7 high)
manggy94 collected 14170 from pot
palleca5 collected 14170 from pot
*** SUMMARY ***
Total pot 28340 | No rake
Board: [5c 7d 4s 6c 3c]
Seat 3: palleca5 (small blind) showed [9h Ad] and won 14170 with Straight 7 high
Seat 4: manggy94 (big blind) showed [Ah 7h] and won 14170 with Straight 7 high


Winamax Poker - Tournament "LA FIEVRE" buyIn: 9€ + 1€ level: 5 - HandId: #654223570443960842-15-1459104320 - Holdem no limit (30/200/400) - 2016/03/27 18:45:20 UTC
Table: 'LA FIEVRE(152323295)#0521' 6-max (real money) Seat #3 is the button
Seat 1: Bili38100 (48450)
Seat 2: zadinho88 (20750)
Seat 3: palleca5 (14170)
Seat 4: manggy94 (21620)
Seat 5: Shuraki Kata (17260)
Seat 6: Fan2Pogba (17750)
*** ANTE/BLINDS ***
manggy94 posts ante 30
Shuraki Kata posts ante 30
Bili38100 posts ante 30
zadinho88 posts ante 30
palleca5 posts ante 30
Fan2Pogba posts ante 30
manggy94 posts small blind 200
Shuraki Kata posts big blind 400
Dealt to manggy94 [Jc Jh]
*** PRE-FLOP *** 
Fan2Pogba folds
Bili38100 folds
zadinho88 raises 600 to 1000
palleca5 folds
manggy94 raises 4000 to 5000
Shuraki Kata folds
zadinho88 folds
manggy94 collected 6580 from pot
*** SUMMARY ***
Total pot 6580 | No rake
Seat 4: manggy94 (small blind) won 6580


Winamax Poker - Tournament "LA FIEVRE" buyIn: 9€ + 1€ level: 5 - HandId: #654223570443960842-16-1459104392 - Holdem no limit (30/200/400) - 2016/03/27 18:46:32 UTC
Table: 'LA FIEVRE(152323295)#0521' 6-max (real money) Seat #4 is the button
Seat 1: Bili38100 (48420)
Seat 2: zadinho88 (19720)
Seat 3: palleca5 (14140)
Seat 4: manggy94 (23170)
Seat 5: Shuraki Kata (16830)
Seat 6: Fan2Pogba (17720)
*** ANTE/BLINDS ***
Shuraki Kata posts ante 30
Fan2Pogba posts ante 30
Bili38100 posts ante 30
zadinho88 posts ante 30
palleca5 posts ante 30
manggy94 posts ante 30
Shuraki Kata posts small blind 200
Fan2Pogba posts big blind 400
Dealt to manggy94 [Ac Ad]
*** PRE-FLOP *** 
Bili38100 calls 400
zadinho88 calls 400
palleca5 raises 800 to 1200
manggy94 raises 2400 to 3600
Shuraki Kata folds
Fan2Pogba folds
Bili38100 calls 3200
zadinho88 folds
palleca5 calls 2400
*** FLOP *** [8h 3d Kc]
Bili38100 checks
palleca5 checks
manggy94 bets 11980
Bili38100 raises 32810 to 44790 and is all-in
palleca5 folds
manggy94 calls 7560 and is all-in
*** TURN *** [8h 3d Kc][7h]
*** RIVER *** [8h 3d Kc 7h][2d]
*** SHOW DOWN ***
manggy94 shows [Ac Ad] (One pair : Aces)
Bili38100 shows [Kh 5h] (One pair : Kings)
Bili38100 collected 25250 from side pot 1
manggy94 collected 51060 from main pot
*** SUMMARY ***
Total pot 76310 | No rake
Board: [8h 3d Kc 7h 2d]
Seat 1: Bili38100 showed [Kh 5h] and won 25250 with One pair : Kings
Seat 4: manggy94 (button) showed [Ac Ad] and won 51060 with One pair : Aces


Winamax Poker - Tournament "LA FIEVRE" buyIn: 9€ + 1€ level: 5 - HandId: #654223570443960842-17-1459104474 - Holdem no limit (30/200/400) - 2016/03/27 18:47:54 UTC
Table: 'LA FIEVRE(152323295)#0521' 6-max (real money) Seat #5 is the button
Seat 1: Bili38100 (25250)
Seat 2: zadinho88 (19290)
Seat 3: palleca5 (10510)
Seat 4: manggy94 (51060)
Seat 5: Shuraki Kata (16600)
Seat 6: Fan2Pogba (17290)
*** ANTE/BLINDS ***
Fan2Pogba posts ante 30
Bili38100 posts ante 30
zadinho88 posts ante 30
palleca5 posts ante 30
manggy94 posts ante 30
Shuraki Kata posts ante 30
Fan2Pogba posts small blind 200
Bili38100 posts big blind 400
Dealt to manggy94 [6s 2h]
*** PRE-FLOP *** 
zadinho88 raises 400 to 800
palleca5 folds
manggy94 folds
Shuraki Kata folds
Fan2Pogba folds
Bili38100 calls 400
*** FLOP *** [5d 6d 3s]
Bili38100 bets 400
zadinho88 calls 400
*** TURN *** [5d 6d 3s][Td]
Bili38100 bets 400
zadinho88 folds
Bili38100 collected 3180 from pot
*** SUMMARY ***
Total pot 3180 | No rake
Board: [5d 6d 3s Td]
Seat 1: Bili38100 (big blind) won 3180


Winamax Poker - Tournament "LA FIEVRE" buyIn: 9€ + 1€ level: 5 - HandId: #654223570443960842-18-1459104497 - Holdem no limit (30/200/400) - 2016/03/27 18:48:17 UTC
Table: 'LA FIEVRE(152323295)#0521' 6-max (real money) Seat #6 is the button
Seat 1: Bili38100 (26800)
Seat 2: zadinho88 (18060)
Seat 3: palleca5 (10480)
Seat 4: manggy94 (51030)
Seat 5: Shuraki Kata (16570)
Seat 6: Fan2Pogba (17060)
*** ANTE/BLINDS ***
Bili38100 posts ante 30
zadinho88 posts ante 30
palleca5 posts ante 30
manggy94 posts ante 30
Shuraki Kata posts ante 30
Fan2Pogba posts ante 30
Bili38100 posts small blind 200
zadinho88 posts big blind 400
Dealt to manggy94 [Qs 2c]
*** PRE-FLOP *** 
palleca5 calls 400
manggy94 folds
Shuraki Kata calls 400
Fan2Pogba folds
Bili38100 folds
zadinho88 checks
*** FLOP *** [2d Qd Tc]
zadinho88 checks
palleca5 checks
Shuraki Kata checks
*** TURN *** [2d Qd Tc][3d]
zadinho88 checks
palleca5 checks
Shuraki Kata checks
*** RIVER *** [2d Qd Tc 3d][2h]
zadinho88 bets 800
palleca5 folds
Shuraki Kata folds
zadinho88 collected 2380 from pot
*** SUMMARY ***
Total pot 2380 | No rake
Board: [2d Qd Tc 3d 2h]
Seat 2: zadinho88 (big blind) won 2380


Winamax Poker - Tournament "LA FIEVRE" buyIn: 9€ + 1€ level: 6 - HandId: #654223570443960842-19-1459104564 - Holdem no limit (40/250/500) - 2016/03/27 18:49:24 UTC
Table: 'LA FIEVRE(152323295)#0521' 6-max (real money) Seat #1 is the button
Seat 1: Bili38100 (26570)
Seat 2: zadinho88 (19210)
Seat 3: palleca5 (10050)
Seat 4: manggy94 (51000)
Seat 5: Shuraki Kata (16140)
Seat 6: Fan2Pogba (17030)
*** ANTE/BLINDS ***
zadinho88 posts ante 40
palleca5 posts ante 40
Bili38100 posts ante 40
manggy94 posts ante 40
Shuraki Kata posts ante 40
Fan2Pogba posts ante 40
zadinho88 posts small blind 250
palleca5 posts big blind 500
Dealt to manggy94 [6d Jc]
*** PRE-FLOP *** 
manggy94 folds
Shuraki Kata folds
Fan2Pogba raises 677 to 1177
Bili38100 raises 25353 to 26530 and is all-in
zadinho88 folds
palleca5 folds
Fan2Pogba calls 15813 and is all-in
*** FLOP *** [Js 3h 4d]
*** TURN *** [Js 3h 4d][8c]
*** RIVER *** [Js 3h 4d 8c][As]
*** SHOW DOWN ***
Fan2Pogba shows [7h 7d] (One pair : 7)
Bili38100 shows [Ah 3d] (Two pairs : Aces and 3)
Bili38100 collected 44510 from pot
*** SUMMARY ***
Total pot 44510 | No rake
Board: [Js 3h 4d 8c As]
Seat 1: Bili38100 (button) showed [Ah 3d] and won 44510 with Two pairs : Aces and 3
Seat 6: Fan2Pogba showed [7h 7d] and lost with One pair : 7


Winamax Poker - Tournament "LA FIEVRE" buyIn: 9€ + 1€ level: 6 - HandId: #654223570443960842-20-1459104609 - Holdem no limit (40/250/500) - 2016/03/27 18:50:09 UTC
Table: 'LA FIEVRE(152323295)#0521' 6-max (real money) Seat #2 is the button
Seat 1: Bili38100 (44510)
Seat 2: zadinho88 (18920)
Seat 3: palleca5 (9510)
Seat 4: manggy94 (50960)
Seat 5: Shuraki Kata (16100)
Seat 6: Nac2b (20000)
*** ANTE/BLINDS ***
palleca5 posts ante 40
manggy94 posts ante 40
Bili38100 posts ante 40
zadinho88 posts ante 40
Shuraki Kata posts ante 40
Nac2b posts ante 40
palleca5 posts small blind 250
manggy94 posts big blind 500
Dealt to manggy94 [9s Qd]
*** PRE-FLOP *** 
Shuraki Kata folds
Nac2b raises 500 to 1000
Bili38100 folds
zadinho88 calls 1000
palleca5 folds
manggy94 calls 500
*** FLOP *** [7h As 6d]
manggy94 checks
Nac2b bets 1745
zadinho88 calls 1745
manggy94 folds
*** TURN *** [7h As 6d][Kc]
Nac2b checks
zadinho88 bets 3490
Nac2b folds
zadinho88 collected 10470 from pot
*** SUMMARY ***
Total pot 10470 | No rake
Board: [7h As 6d Kc]
Seat 2: zadinho88 (button) won 10470


Winamax Poker - Tournament "LA FIEVRE" buyIn: 9€ + 1€ level: 6 - HandId: #654223570443960842-21-1459104717 - Holdem no limit (40/250/500) - 2016/03/27 18:51:57 UTC
Table: 'LA FIEVRE(152323295)#0521' 6-max (real money) Seat #3 is the button
Seat 1: Bili38100 (44470)
Seat 2: zadinho88 (23115)
Seat 3: palleca5 (9220)
Seat 4: manggy94 (49920)
Seat 5: Shuraki Kata (16060)
Seat 6: Nac2b (17215)
*** ANTE/BLINDS ***
manggy94 posts ante 40
Shuraki Kata posts ante 40
Bili38100 posts ante 40
zadinho88 posts ante 40
palleca5 posts ante 40
Nac2b posts ante 40
manggy94 posts small blind 250
Shuraki Kata posts big blind 500
Dealt to manggy94 [3h 4s]
*** PRE-FLOP *** 
Nac2b raises 500 to 1000
Bili38100 folds
zadinho88 raises 2500 to 3500
palleca5 folds
manggy94 folds
Shuraki Kata folds
Nac2b calls 2500
*** FLOP *** [Kc 8s Ac]
Nac2b checks
zadinho88 bets 3750
Nac2b folds
zadinho88 collected 11740 from pot
*** SUMMARY ***
Total pot 11740 | No rake
Board: [Kc 8s Ac]
Seat 2: zadinho88 won 11740


Winamax Poker - Tournament "LA FIEVRE" buyIn: 9€ + 1€ level: 6 - HandId: #654223570443960842-22-1459104812 - Holdem no limit (40/250/500) - 2016/03/27 18:53:32 UTC
Table: 'LA FIEVRE(152323295)#0521' 6-max (real money) Seat #4 is the button
Seat 1: Bili38100 (44430)
Seat 2: zadinho88 (27565)
Seat 3: palleca5 (9180)
Seat 4: manggy94 (49630)
Seat 5: Shuraki Kata (15520)
Seat 6: Nac2b (13675)
*** ANTE/BLINDS ***
Shuraki Kata posts ante 40
Nac2b posts ante 40
Bili38100 posts ante 40
zadinho88 posts ante 40
palleca5 posts ante 40
manggy94 posts ante 40
Shuraki Kata posts small blind 250
Nac2b posts big blind 500
Dealt to manggy94 [Th 2s]
*** PRE-FLOP *** 
Bili38100 folds
zadinho88 folds
palleca5 folds
manggy94 folds
Shuraki Kata calls 250
Nac2b checks
*** FLOP *** [Qh 8h 5d]
Shuraki Kata checks
Nac2b checks
*** TURN *** [Qh 8h 5d][6c]
Shuraki Kata checks
Nac2b checks
*** RIVER *** [Qh 8h 5d 6c][Kd]
Shuraki Kata checks
Nac2b checks
*** SHOW DOWN ***
Shuraki Kata shows [Ad 2c] (High card : Ace)
Nac2b shows [Kc 3s] (One pair : Kings)
Nac2b collected 1240 from pot
*** SUMMARY ***
Total pot 1240 | No rake
Board: [Qh 8h 5d 6c Kd]
Seat 5: Shuraki Kata (small blind) showed [Ad 2c] and lost with High card : Ace
Seat 6: Nac2b (big blind) showed [Kc 3s] and won 1240 with One pair : Kings


Winamax Poker - Tournament "LA FIEVRE" buyIn: 9€ + 1€ level: 6 - HandId: #654223570443960842-23-1459105247 - Holdem no limit (40/250/500) - 2016/03/27 19:00:47 UTC
Table: 'LA FIEVRE(152323295)#0521' 6-max (real money) Seat #5 is the button
Seat 1: Bili38100 (44390)
Seat 2: zadinho88 (27525)
Seat 3: palleca5 (9140)
Seat 4: manggy94 (49590)
Seat 5: Shuraki Kata (14980)
Seat 6: Nac2b (14375)
*** ANTE/BLINDS ***
Nac2b posts ante 40
Bili38100 posts ante 40
zadinho88 posts ante 40
palleca5 posts ante 40
manggy94 posts ante 40
Shuraki Kata posts ante 40
Nac2b posts small blind 250
Bili38100 posts big blind 500
Dealt to manggy94 [3s 7h]
*** PRE-FLOP *** 
zadinho88 folds
palleca5 folds
manggy94 folds
Shuraki Kata calls 500
Nac2b calls 250
Bili38100 folds
*** FLOP *** [8c Ac 7d]
Nac2b checks
Shuraki Kata checks
*** TURN *** [8c Ac 7d][9d]
Nac2b checks
Shuraki Kata checks
*** RIVER *** [8c Ac 7d 9d][Th]
Nac2b checks
Shuraki Kata checks
*** SHOW DOWN ***
Nac2b shows [3h 4h] (High card : Ace)
Shuraki Kata shows [Ks Qs] (High card : Ace)
Shuraki Kata collected 1740 from pot
*** SUMMARY ***
Total pot 1740 | No rake
Board: [8c Ac 7d 9d Th]
Seat 5: Shuraki Kata (button) showed [Ks Qs] and won 1740 with High card : Ace
Seat 6: Nac2b (small blind) showed [3h 4h] and lost with High card : Ace


Winamax Poker - Tournament "LA FIEVRE" buyIn: 9€ + 1€ level: 7 - HandId: #654223570443960842-24-1459105377 - Holdem no limit (60/300/600) - 2016/03/27 19:02:57 UTC
Table: 'LA FIEVRE(152323295)#0521' 6-max (real money) Seat #6 is the button
Seat 1: Bili38100 (43850)
Seat 2: zadinho88 (27485)
Seat 3: palleca5 (9100)
Seat 4: manggy94 (49550)
Seat 5: Shuraki Kata (16180)
Seat 6: Nac2b (13835)
*** ANTE/BLINDS ***
Bili38100 posts ante 60
zadinho88 posts ante 60
palleca5 posts ante 60
manggy94 posts ante 60
Shuraki Kata posts ante 60
Nac2b posts ante 60
Bili38100 posts small blind 300
zadinho88 posts big blind 600
Dealt to manggy94 [2s 7c]
*** PRE-FLOP *** 
palleca5 folds
manggy94 folds
Shuraki Kata calls 600
Nac2b folds
Bili38100 folds
zadinho88 checks
*** FLOP *** [Jh 3h 6c]
zadinho88 checks
Shuraki Kata checks
*** TURN *** [Jh 3h 6c][Ts]
zadinho88 checks
Shuraki Kata checks
*** RIVER *** [Jh 3h 6c Ts][3s]
zadinho88 checks
Shuraki Kata checks
*** SHOW DOWN ***
zadinho88 shows [8h 9d] (One pair : 3)
Shuraki Kata shows [9s Ad] (One pair : 3)
Shuraki Kata collected 1860 from pot
*** SUMMARY ***
Total pot 1860 | No rake
Board: [Jh 3h 6c Ts 3s]
Seat 2: zadinho88 (big blind) showed [8h 9d] and lost with One pair : 3
Seat 5: Shuraki Kata showed [9s Ad] and won 1860 with One pair : 3


Winamax Poker - Tournament "LA FIEVRE" buyIn: 9€ + 1€ level: 7 - HandId: #654223570443960842-25-1459105482 - Holdem no limit (60/300/600) - 2016/03/27 19:04:42 UTC
Table: 'LA FIEVRE(152323295)#0521' 6-max (real money) Seat #1 is the button
Seat 1: Bili38100 (43490)
Seat 2: zadinho88 (26825)
Seat 3: palleca5 (9040)
Seat 4: manggy94 (49490)
Seat 5: Shuraki Kata (17380)
Seat 6: Nac2b (13775)
*** ANTE/BLINDS ***
zadinho88 posts ante 60
palleca5 posts ante 60
Bili38100 posts ante 60
manggy94 posts ante 60
Shuraki Kata posts ante 60
Nac2b posts ante 60
zadinho88 posts small blind 300
palleca5 posts big blind 600
Dealt to manggy94 [3c 3s]
*** PRE-FLOP *** 
manggy94 raises 1200 to 1800
Shuraki Kata calls 1800
Nac2b raises 2700 to 4500
Bili38100 folds
zadinho88 folds
palleca5 folds
manggy94 calls 2700
Shuraki Kata calls 2700
*** FLOP *** [8c Qh Qc]
manggy94 bets 9840
Shuraki Kata folds
Nac2b calls 9215 and is all-in
*** TURN *** [8c Qh Qc][Qs]
*** RIVER *** [8c Qh Qc Qs][Ah]
*** SHOW DOWN ***
Nac2b shows [Kh Ac] (Full of Queens and Aces)
manggy94 shows [3c 3s] (Full of Queens and 3)
manggy94 collected 625 from side pot 1
Nac2b collected 33190 from main pot
*** SUMMARY ***
Total pot 33815 | No rake
Board: [8c Qh Qc Qs Ah]
Seat 4: manggy94 showed [3c 3s] and won 625 with Full of Queens and 3
Seat 6: Nac2b showed [Kh Ac] and won 33190 with Full of Queens and Aces


Winamax Poker - Tournament "LA FIEVRE" buyIn: 9€ + 1€ level: 7 - HandId: #654223570443960842-26-1459105559 - Holdem no limit (60/300/600) - 2016/03/27 19:05:59 UTC
Table: 'LA FIEVRE(152323295)#0521' 6-max (real money) Seat #2 is the button
Seat 1: Bili38100 (43430)
Seat 2: zadinho88 (26465)
Seat 3: palleca5 (8380)
Seat 4: manggy94 (35715)
Seat 5: Shuraki Kata (12820)
Seat 6: Nac2b (33190)
*** ANTE/BLINDS ***
palleca5 posts ante 60
manggy94 posts ante 60
Bili38100 posts ante 60
zadinho88 posts ante 60
Shuraki Kata posts ante 60
Nac2b posts ante 60
palleca5 posts small blind 300
manggy94 posts big blind 600
Dealt to manggy94 [Qc Ah]
*** PRE-FLOP *** 
Shuraki Kata folds
Nac2b folds
Bili38100 folds
zadinho88 folds
palleca5 folds
manggy94 collected 1260 from pot
*** SUMMARY ***
Total pot 1260 | No rake
Seat 4: manggy94 (big blind) won 1260


Winamax Poker - Tournament "LA FIEVRE" buyIn: 9€ + 1€ level: 7 - HandId: #654223570443960842-27-1459105587 - Holdem no limit (60/300/600) - 2016/03/27 19:06:27 UTC
Table: 'LA FIEVRE(152323295)#0521' 6-max (real money) Seat #3 is the button
Seat 1: Bili38100 (43370)
Seat 2: zadinho88 (26405)
Seat 3: palleca5 (8020)
Seat 4: manggy94 (36315)
Seat 5: Shuraki Kata (12760)
Seat 6: Nac2b (33130)
*** ANTE/BLINDS ***
manggy94 posts ante 60
Shuraki Kata posts ante 60
Bili38100 posts ante 60
zadinho88 posts ante 60
palleca5 posts ante 60
Nac2b posts ante 60
manggy94 posts small blind 300
Shuraki Kata posts big blind 600
Dealt to manggy94 [Kd Tc]
*** PRE-FLOP *** 
Nac2b folds
Bili38100 folds
zadinho88 folds
palleca5 folds
manggy94 raises 1200 to 1800
Shuraki Kata calls 1200
*** FLOP *** [9s 2h 7s]
manggy94 checks
Shuraki Kata checks
*** TURN *** [9s 2h 7s][Jc]
manggy94 checks
Shuraki Kata checks
*** RIVER *** [9s 2h 7s Jc][As]
manggy94 checks
Shuraki Kata bets 10900 and is all-in
manggy94 folds
Shuraki Kata collected 14860 from pot
*** SUMMARY ***
Total pot 14860 | No rake
Board: [9s 2h 7s Jc As]
Seat 5: Shuraki Kata (big blind) won 14860


Winamax Poker - Tournament "LA FIEVRE" buyIn: 9€ + 1€ level: 7 - HandId: #654223570443960842-28-1459105661 - Holdem no limit (60/300/600) - 2016/03/27 19:07:41 UTC
Table: 'LA FIEVRE(152323295)#0521' 6-max (real money) Seat #4 is the button
Seat 1: Bili38100 (43310)
Seat 2: zadinho88 (26345)
Seat 3: palleca5 (7960)
Seat 4: manggy94 (34455)
Seat 5: Shuraki Kata (14860)
Seat 6: Nac2b (33070)
*** ANTE/BLINDS ***
Shuraki Kata posts ante 60
Nac2b posts ante 60
Bili38100 posts ante 60
zadinho88 posts ante 60
palleca5 posts ante 60
manggy94 posts ante 60
Shuraki Kata posts small blind 300
Nac2b posts big blind 600
Dealt to manggy94 [5h 5c]
*** PRE-FLOP *** 
Bili38100 calls 600
zadinho88 raises 1500 to 2100
palleca5 folds
manggy94 calls 2100
Shuraki Kata folds
Nac2b folds
Bili38100 folds
*** FLOP *** [6c 6s 9c]
zadinho88 bets 5100
manggy94 calls 5100
*** TURN *** [6c 6s 9c][7h]
zadinho88 bets 12600
manggy94 raises 12600 to 25200
zadinho88 calls 6485 and is all-in
*** RIVER *** [6c 6s 9c 7h][8d]
*** SHOW DOWN ***
zadinho88 shows [Kh Ks] (Two pairs : Kings and 6)
manggy94 shows [5h 5c] (Straight 9 high)
manggy94 collected 60545 from pot
*** SUMMARY ***
Total pot 60545 | No rake
Board: [6c 6s 9c 7h 8d]
Seat 2: zadinho88 showed [Kh Ks] and lost with Two pairs : Kings and 6
Seat 4: manggy94 (button) showed [5h 5c] and won 60545 with Straight 9 high


Winamax Poker - Tournament "LA FIEVRE" buyIn: 9€ + 1€ level: 8 - HandId: #654223570443960842-29-1459105773 - Holdem no limit (75/400/800) - 2016/03/27 19:09:33 UTC
Table: 'LA FIEVRE(152323295)#0521' 6-max (real money) Seat #5 is the button
Seat 1: Bili38100 (42650)
Seat 3: palleca5 (7900)
Seat 4: manggy94 (62540)
Seat 5: Shuraki Kata (14500)
Seat 6: Nac2b (32410)
*** ANTE/BLINDS ***
Nac2b posts ante 75
Bili38100 posts ante 75
palleca5 posts ante 75
manggy94 posts ante 75
Shuraki Kata posts ante 75
Nac2b posts small blind 400
Bili38100 posts big blind 800
Dealt to manggy94 [3d 8c]
*** PRE-FLOP *** 
palleca5 folds
manggy94 folds
Shuraki Kata calls 800
Nac2b calls 400
Bili38100 checks
*** FLOP *** [4h Qc 4s]
Nac2b checks
Bili38100 bets 800
Shuraki Kata calls 800
Nac2b folds
*** TURN *** [4h Qc 4s][Kd]
Bili38100 checks
Shuraki Kata checks
*** RIVER *** [4h Qc 4s Kd][4d]
Bili38100 checks
Shuraki Kata bets 2148
Bili38100 folds
Shuraki Kata collected 6523 from pot
*** SUMMARY ***
Total pot 6523 | No rake
Board: [4h Qc 4s Kd 4d]
Seat 5: Shuraki Kata (button) won 6523


Winamax Poker - Tournament "LA FIEVRE" buyIn: 9€ + 1€ level: 8 - HandId: #654223570443960842-30-1459105859 - Holdem no limit (75/400/800) - 2016/03/27 19:10:59 UTC
Table: 'LA FIEVRE(152323295)#0521' 6-max (real money) Seat #6 is the button
Seat 1: Bili38100 (40975)
Seat 2: RelentlessH (20000)
Seat 3: palleca5 (7825)
Seat 4: manggy94 (62465)
Seat 5: Shuraki Kata (17200)
Seat 6: Nac2b (31535)
*** ANTE/BLINDS ***
Bili38100 posts ante 75
RelentlessH posts ante 75
palleca5 posts ante 75
manggy94 posts ante 75
Shuraki Kata posts ante 75
Nac2b posts ante 75
Bili38100 posts small blind 400
RelentlessH posts big blind 800
Dealt to manggy94 [Ah Th]
*** PRE-FLOP *** 
palleca5 folds
manggy94 raises 2400 to 3200
Shuraki Kata folds
Nac2b folds
Bili38100 raises 9600 to 12800
RelentlessH folds
manggy94 calls 9600
*** FLOP *** [Js Ac 6c]
Bili38100 checks
manggy94 checks
*** TURN *** [Js Ac 6c][5s]
Bili38100 bets 28100 and is all-in
manggy94 calls 28100
*** RIVER *** [Js Ac 6c 5s][7c]
*** SHOW DOWN ***
Bili38100 shows [Td Jc] (One pair : Jacks)
manggy94 shows [Ah Th] (One pair : Aces)
manggy94 collected 83050 from pot
*** SUMMARY ***
Total pot 83050 | No rake
Board: [Js Ac 6c 5s 7c]
Seat 1: Bili38100 (small blind) showed [Td Jc] and lost with One pair : Jacks
Seat 4: manggy94 showed [Ah Th] and won 83050 with One pair : Aces


Winamax Poker - Tournament "LA FIEVRE" buyIn: 9€ + 1€ level: 8 - HandId: #654223570443960842-31-1459105920 - Holdem no limit (75/400/800) - 2016/03/27 19:12:00 UTC
Table: 'LA FIEVRE(152323295)#0521' 6-max (real money) Seat #1 is the button
Seat 2: RelentlessH (19125)
Seat 3: palleca5 (7750)
Seat 4: manggy94 (104540)
Seat 5: Shuraki Kata (17125)
Seat 6: Nac2b (31460)
*** ANTE/BLINDS ***
RelentlessH posts ante 75
palleca5 posts ante 75
manggy94 posts ante 75
Shuraki Kata posts ante 75
Nac2b posts ante 75
RelentlessH posts small blind 400
palleca5 posts big blind 800
Dealt to manggy94 [9c 3h]
*** PRE-FLOP *** 
manggy94 folds
Shuraki Kata calls 800
Nac2b calls 800
RelentlessH raises 18250 to 19050 and is all-in
palleca5 folds
Shuraki Kata folds
Nac2b folds
RelentlessH collected 21825 from pot
*** SUMMARY ***
Total pot 21825 | No rake
Seat 2: RelentlessH (small blind) won 21825


Winamax Poker - Tournament "LA FIEVRE" buyIn: 9€ + 1€ level: 8 - HandId: #654223570443960842-32-1459105968 - Holdem no limit (75/400/800) - 2016/03/27 19:12:48 UTC
Table: 'LA FIEVRE(152323295)#0521' 6-max (real money) Seat #2 is the button
Seat 1: tripleYjones (20000)
Seat 2: RelentlessH (21825)
Seat 3: palleca5 (6875)
Seat 4: manggy94 (104465)
Seat 5: Shuraki Kata (16250)
Seat 6: Nac2b (30585)
*** ANTE/BLINDS ***
palleca5 posts ante 75
manggy94 posts ante 75
tripleYjones posts ante 75
RelentlessH posts ante 75
Shuraki Kata posts ante 75
Nac2b posts ante 75
palleca5 posts small blind 400
manggy94 posts big blind 800
Dealt to manggy94 [6s 9c]
*** PRE-FLOP *** 
Shuraki Kata folds
Nac2b folds
tripleYjones folds
RelentlessH raises 968 to 1768
palleca5 raises 5032 to 6800 and is all-in
manggy94 folds
RelentlessH calls 5032
*** FLOP *** [9d Jh 7h]
*** TURN *** [9d Jh 7h][3d]
*** RIVER *** [9d Jh 7h 3d][9s]
*** SHOW DOWN ***
RelentlessH shows [Tc Qh] (One pair : 9)
palleca5 shows [Ah 4d] (One pair : 9)
palleca5 collected 14850 from pot
*** SUMMARY ***
Total pot 14850 | No rake
Board: [9d Jh 7h 3d 9s]
Seat 2: RelentlessH (button) showed [Tc Qh] and lost with One pair : 9
Seat 3: palleca5 (small blind) showed [Ah 4d] and won 14850 with One pair : 9


Winamax Poker - Tournament "LA FIEVRE" buyIn: 9€ + 1€ level: 8 - HandId: #654223570443960842-33-1459106000 - Holdem no limit (75/400/800) - 2016/03/27 19:13:20 UTC
Table: 'LA FIEVRE(152323295)#0521' 6-max (real money) Seat #3 is the button
Seat 1: tripleYjones (19925)
Seat 2: RelentlessH (14950)
Seat 3: palleca5 (14850)
Seat 4: manggy94 (103590)
Seat 5: Shuraki Kata (16175)
Seat 6: Nac2b (30510)
*** ANTE/BLINDS ***
manggy94 posts ante 75
Shuraki Kata posts ante 75
tripleYjones posts ante 75
RelentlessH posts ante 75
palleca5 posts ante 75
Nac2b posts ante 75
manggy94 posts small blind 400
Shuraki Kata posts big blind 800
Dealt to manggy94 [8d Kc]
*** PRE-FLOP *** 
Nac2b calls 800
tripleYjones folds
RelentlessH folds
palleca5 folds
manggy94 calls 400
Shuraki Kata checks
*** FLOP *** [Tc 7s Qd]
manggy94 bets 1425
Shuraki Kata folds
Nac2b calls 1425
*** TURN *** [Tc 7s Qd][4c]
manggy94 checks
Nac2b bets 2850
manggy94 folds
Nac2b collected 8550 from pot
*** SUMMARY ***
Total pot 8550 | No rake
Board: [Tc 7s Qd 4c]
Seat 6: Nac2b won 8550


Winamax Poker - Tournament "LA FIEVRE" buyIn: 9€ + 1€ level: 8 - HandId: #654223570443960842-34-1459106060 - Holdem no limit (75/400/800) - 2016/03/27 19:14:20 UTC
Table: 'LA FIEVRE(152323295)#0521' 6-max (real money) Seat #4 is the button
Seat 1: tripleYjones (19850)
Seat 2: RelentlessH (14875)
Seat 3: palleca5 (14775)
Seat 4: manggy94 (101290)
Seat 5: Shuraki Kata (15300)
Seat 6: Nac2b (33910)
*** ANTE/BLINDS ***
Shuraki Kata posts ante 75
Nac2b posts ante 75
tripleYjones posts ante 75
RelentlessH posts ante 75
palleca5 posts ante 75
manggy94 posts ante 75
Shuraki Kata posts small blind 400
Nac2b posts big blind 800
Dealt to manggy94 [6d 9h]
*** PRE-FLOP *** 
tripleYjones folds
RelentlessH raises 800 to 1600
palleca5 folds
manggy94 calls 1600
Shuraki Kata folds
Nac2b folds
*** FLOP *** [8d 2h 7s]
RelentlessH checks
manggy94 checks
*** TURN *** [8d 2h 7s][Qd]
RelentlessH checks
manggy94 bets 3233
RelentlessH folds
manggy94 collected 8083 from pot
*** SUMMARY ***
Total pot 8083 | No rake
Board: [8d 2h 7s Qd]
Seat 4: manggy94 (button) won 8083


Winamax Poker - Tournament "LA FIEVRE" buyIn: 9€ + 1€ level: 8 - HandId: #654223570443960842-35-1459106137 - Holdem no limit (75/400/800) - 2016/03/27 19:15:37 UTC
Table: 'LA FIEVRE(152323295)#0521' 6-max (real money) Seat #5 is the button
Seat 1: tripleYjones (19775)
Seat 2: RelentlessH (13200)
Seat 3: palleca5 (14700)
Seat 4: manggy94 (104465)
Seat 5: Shuraki Kata (14825)
Seat 6: Nac2b (33035)
*** ANTE/BLINDS ***
Nac2b posts ante 75
tripleYjones posts ante 75
RelentlessH posts ante 75
palleca5 posts ante 75
manggy94 posts ante 75
Shuraki Kata posts ante 75
Nac2b posts small blind 400
tripleYjones posts big blind 800
Dealt to manggy94 [8d Kh]
*** PRE-FLOP *** 
RelentlessH raises 800 to 1600
palleca5 folds
manggy94 folds
Shuraki Kata folds
Nac2b folds
tripleYjones folds
RelentlessH collected 3250 from pot
*** SUMMARY ***
Total pot 3250 | No rake
Seat 2: RelentlessH won 3250


Winamax Poker - Tournament "LA FIEVRE" buyIn: 9€ + 1€ level: 8 - HandId: #654223570443960842-36-1459106164 - Holdem no limit (75/400/800) - 2016/03/27 19:16:04 UTC
Table: 'LA FIEVRE(152323295)#0521' 6-max (real money) Seat #6 is the button
Seat 1: tripleYjones (18900)
Seat 2: RelentlessH (14775)
Seat 3: palleca5 (14625)
Seat 4: manggy94 (104390)
Seat 5: Shuraki Kata (14750)
Seat 6: Nac2b (32560)
*** ANTE/BLINDS ***
tripleYjones posts ante 75
RelentlessH posts ante 75
palleca5 posts ante 75
manggy94 posts ante 75
Shuraki Kata posts ante 75
Nac2b posts ante 75
tripleYjones posts small blind 400
RelentlessH posts big blind 800
Dealt to manggy94 [7d 3d]
*** PRE-FLOP *** 
palleca5 folds
manggy94 calls 800
Shuraki Kata folds
Nac2b calls 800
tripleYjones calls 400
RelentlessH checks
*** FLOP *** [4h 8h 7c]
tripleYjones checks
RelentlessH checks
manggy94 bets 1825
Nac2b raises 1825 to 3650
tripleYjones folds
RelentlessH folds
manggy94 calls 1825
*** TURN *** [4h 8h 7c][Tc]
manggy94 checks
Nac2b bets 5475
manggy94 calls 5475
*** RIVER *** [4h 8h 7c Tc][Qc]
manggy94 checks
Nac2b checks
*** SHOW DOWN ***
manggy94 shows [7d 3d] (One pair : 7)
Nac2b shows [9s 8s] (One pair : 8)
Nac2b collected 21900 from pot
*** SUMMARY ***
Total pot 21900 | No rake
Board: [4h 8h 7c Tc Qc]
Seat 4: manggy94 showed [7d 3d] and lost with One pair : 7
Seat 6: Nac2b (button) showed [9s 8s] and won 21900 with One pair : 8


Winamax Poker - Tournament "LA FIEVRE" buyIn: 9€ + 1€ level: 9 - HandId: #654223570443960842-37-1459106254 - Holdem no limit (100/500/1000) - 2016/03/27 19:17:34 UTC
Table: 'LA FIEVRE(152323295)#0521' 6-max (real money) Seat #1 is the button
Seat 1: tripleYjones (18025)
Seat 2: RelentlessH (13900)
Seat 3: palleca5 (14550)
Seat 4: manggy94 (94390)
Seat 5: Shuraki Kata (14675)
Seat 6: Nac2b (44460)
*** ANTE/BLINDS ***
RelentlessH posts ante 100
palleca5 posts ante 100
tripleYjones posts ante 100
manggy94 posts ante 100
Shuraki Kata posts ante 100
Nac2b posts ante 100
RelentlessH posts small blind 500
palleca5 posts big blind 1000
Dealt to manggy94 [9c 5s]
*** PRE-FLOP *** 
manggy94 folds
Shuraki Kata calls 1000
Nac2b folds
tripleYjones folds
RelentlessH calls 500
palleca5 checks
*** FLOP *** [6s Kd 2d]
RelentlessH checks
palleca5 checks
Shuraki Kata checks
*** TURN *** [6s Kd 2d][6c]
RelentlessH checks
palleca5 checks
Shuraki Kata bets 1000
RelentlessH calls 1000
palleca5 folds
*** RIVER *** [6s Kd 2d 6c][Th]
RelentlessH checks
Shuraki Kata checks
*** SHOW DOWN ***
RelentlessH shows [2h Ac] (Two pairs : 6 and 2)
Shuraki Kata shows [8c 8h] (Two pairs : 8 and 6)
Shuraki Kata collected 5600 from pot
*** SUMMARY ***
Total pot 5600 | No rake
Board: [6s Kd 2d 6c Th]
Seat 2: RelentlessH (small blind) showed [2h Ac] and lost with Two pairs : 6 and 2
Seat 5: Shuraki Kata showed [8c 8h] and won 5600 with Two pairs : 8 and 6


Winamax Poker - Tournament "LA FIEVRE" buyIn: 9€ + 1€ level: 9 - HandId: #654223570443960842-38-1459106326 - Holdem no limit (100/500/1000) - 2016/03/27 19:18:46 UTC
Table: 'LA FIEVRE(152323295)#0521' 6-max (real money) Seat #2 is the button
Seat 1: tripleYjones (17925)
Seat 2: RelentlessH (11800)
Seat 3: palleca5 (13450)
Seat 4: manggy94 (94290)
Seat 5: Shuraki Kata (18175)
Seat 6: Nac2b (44360)
*** ANTE/BLINDS ***
palleca5 posts ante 100
manggy94 posts ante 100
tripleYjones posts ante 100
RelentlessH posts ante 100
Shuraki Kata posts ante 100
Nac2b posts ante 100
palleca5 posts small blind 500
manggy94 posts big blind 1000
Dealt to manggy94 [5h 2s]
*** PRE-FLOP *** 
Shuraki Kata folds
Nac2b raises 1000 to 2000
tripleYjones folds
RelentlessH folds
palleca5 folds
manggy94 folds
Nac2b collected 4100 from pot
*** SUMMARY ***
Total pot 4100 | No rake
Seat 6: Nac2b won 4100


Winamax Poker - Tournament "LA FIEVRE" buyIn: 9€ + 1€ level: 9 - HandId: #654223570443960842-39-1459106344 - Holdem no limit (100/500/1000) - 2016/03/27 19:19:04 UTC
Table: 'LA FIEVRE(152323295)#0521' 6-max (real money) Seat #3 is the button
Seat 1: tripleYjones (17825)
Seat 2: RelentlessH (11700)
Seat 3: palleca5 (12850)
Seat 4: manggy94 (93190)
Seat 5: Shuraki Kata (18075)
Seat 6: Nac2b (46360)
*** ANTE/BLINDS ***
manggy94 posts ante 100
Shuraki Kata posts ante 100
tripleYjones posts ante 100
RelentlessH posts ante 100
palleca5 posts ante 100
Nac2b posts ante 100
manggy94 posts small blind 500
Shuraki Kata posts big blind 1000
Dealt to manggy94 [Ac 2h]
*** PRE-FLOP *** 
Nac2b folds
tripleYjones folds
RelentlessH raises 10600 to 11600 and is all-in
palleca5 folds
manggy94 folds
Shuraki Kata folds
RelentlessH collected 13700 from pot
*** SUMMARY ***
Total pot 13700 | No rake
Seat 2: RelentlessH won 13700


Winamax Poker - Tournament "LA FIEVRE" buyIn: 9€ + 1€ level: 9 - HandId: #654223570443960842-40-1459106363 - Holdem no limit (100/500/1000) - 2016/03/27 19:19:23 UTC
Table: 'LA FIEVRE(152323295)#0521' 6-max (real money) Seat #4 is the button
Seat 1: tripleYjones (17725)
Seat 2: RelentlessH (13700)
Seat 3: palleca5 (12750)
Seat 4: manggy94 (92590)
Seat 5: Shuraki Kata (16975)
Seat 6: Nac2b (46260)
*** ANTE/BLINDS ***
Shuraki Kata posts ante 100
Nac2b posts ante 100
tripleYjones posts ante 100
RelentlessH posts ante 100
palleca5 posts ante 100
manggy94 posts ante 100
Shuraki Kata posts small blind 500
Nac2b posts big blind 1000
Dealt to manggy94 [9s 5s]
*** PRE-FLOP *** 
tripleYjones folds
RelentlessH folds
palleca5 raises 3100 to 4100
manggy94 folds
Shuraki Kata folds
Nac2b folds
palleca5 collected 6200 from pot
*** SUMMARY ***
Total pot 6200 | No rake
Seat 3: palleca5 won 6200


Winamax Poker - Tournament "LA FIEVRE" buyIn: 9€ + 1€ level: 9 - HandId: #654223570443960842-41-1459106392 - Holdem no limit (100/500/1000) - 2016/03/27 19:19:52 UTC
Table: 'LA FIEVRE(152323295)#0521' 6-max (real money) Seat #5 is the button
Seat 1: tripleYjones (17625)
Seat 2: RelentlessH (13600)
Seat 3: palleca5 (14750)
Seat 4: manggy94 (92490)
Seat 5: Shuraki Kata (16375)
Seat 6: Nac2b (45160)
*** ANTE/BLINDS ***
Nac2b posts ante 100
tripleYjones posts ante 100
RelentlessH posts ante 100
palleca5 posts ante 100
manggy94 posts ante 100
Shuraki Kata posts ante 100
Nac2b posts small blind 500
tripleYjones posts big blind 1000
Dealt to manggy94 [Qd Ah]
*** PRE-FLOP *** 
RelentlessH folds
palleca5 folds
manggy94 raises 3100 to 4100
Shuraki Kata folds
Nac2b folds
tripleYjones folds
manggy94 collected 6200 from pot
*** SUMMARY ***
Total pot 6200 | No rake
Seat 4: manggy94 won 6200


Winamax Poker - Tournament "LA FIEVRE" buyIn: 9€ + 1€ level: 9 - HandId: #654223570443960842-42-1459106480 - Holdem no limit (100/500/1000) - 2016/03/27 19:21:20 UTC
Table: 'LA FIEVRE(152323295)#0521' 6-max (real money) Seat #6 is the button
Seat 1: tripleYjones (16525)
Seat 2: RelentlessH (13500)
Seat 3: palleca5 (14650)
Seat 4: manggy94 (94490)
Seat 5: Shuraki Kata (16275)
Seat 6: Nac2b (44560)
*** ANTE/BLINDS ***
tripleYjones posts ante 100
RelentlessH posts ante 100
palleca5 posts ante 100
manggy94 posts ante 100
Shuraki Kata posts ante 100
Nac2b posts ante 100
tripleYjones posts small blind 500
RelentlessH posts big blind 1000
Dealt to manggy94 [9s Th]
*** PRE-FLOP *** 
palleca5 folds
manggy94 calls 1000
Shuraki Kata folds
Nac2b folds
tripleYjones folds
RelentlessH checks
*** FLOP *** [6h 3d Ad]
RelentlessH checks
manggy94 bets 2067
RelentlessH folds
manggy94 collected 5167 from pot
*** SUMMARY ***
Total pot 5167 | No rake
Board: [6h 3d Ad]
Seat 4: manggy94 won 5167


Winamax Poker - Tournament "LA FIEVRE" buyIn: 9€ + 1€ level: 9 - HandId: #654223570443960842-43-1459106510 - Holdem no limit (100/500/1000) - 2016/03/27 19:21:50 UTC
Table: 'LA FIEVRE(152323295)#0521' 6-max (real money) Seat #1 is the button
Seat 1: tripleYjones (15925)
Seat 2: RelentlessH (12400)
Seat 3: palleca5 (14550)
Seat 4: manggy94 (96490)
Seat 5: Shuraki Kata (16175)
Seat 6: Nac2b (44460)
*** ANTE/BLINDS ***
RelentlessH posts ante 100
palleca5 posts ante 100
tripleYjones posts ante 100
manggy94 posts ante 100
Shuraki Kata posts ante 100
Nac2b posts ante 100
RelentlessH posts small blind 500
palleca5 posts big blind 1000
Dealt to manggy94 [9c 3s]
*** PRE-FLOP *** 
manggy94 folds
Shuraki Kata folds
Nac2b folds
tripleYjones folds
RelentlessH folds
palleca5 collected 2100 from pot
*** SUMMARY ***
Total pot 2100 | No rake
Seat 3: palleca5 (big blind) won 2100


Winamax Poker - Tournament "LA FIEVRE" buyIn: 9€ + 1€ level: 9 - HandId: #654223570443960842-44-1459106551 - Holdem no limit (100/500/1000) - 2016/03/27 19:22:31 UTC
Table: 'LA FIEVRE(152323295)#0521' 6-max (real money) Seat #2 is the button
Seat 1: tripleYjones (15825)
Seat 2: RelentlessH (11800)
Seat 3: palleca5 (15550)
Seat 4: manggy94 (96390)
Seat 5: Shuraki Kata (16075)
Seat 6: Nac2b (44360)
*** ANTE/BLINDS ***
palleca5 posts ante 100
manggy94 posts ante 100
tripleYjones posts ante 100
RelentlessH posts ante 100
Shuraki Kata posts ante 100
Nac2b posts ante 100
palleca5 posts small blind 500
manggy94 posts big blind 1000
Dealt to manggy94 [6c 2h]
*** PRE-FLOP *** 
Shuraki Kata folds
Nac2b folds
tripleYjones folds
RelentlessH raises 10700 to 11700 and is all-in
palleca5 folds
manggy94 folds
RelentlessH collected 13800 from pot
*** SUMMARY ***
Total pot 13800 | No rake
Seat 2: RelentlessH (button) won 13800


Winamax Poker - Tournament "LA FIEVRE" buyIn: 9€ + 1€ level: 9 - HandId: #654223570443960842-45-1459106565 - Holdem no limit (100/500/1000) - 2016/03/27 19:22:45 UTC
Table: 'LA FIEVRE(152323295)#0521' 6-max (real money) Seat #3 is the button
Seat 1: tripleYjones (15725)
Seat 2: RelentlessH (13800)
Seat 3: palleca5 (14950)
Seat 4: manggy94 (95290)
Seat 5: Shuraki Kata (15975)
Seat 6: Nac2b (44260)
*** ANTE/BLINDS ***
manggy94 posts ante 100
Shuraki Kata posts ante 100
tripleYjones posts ante 100
RelentlessH posts ante 100
palleca5 posts ante 100
Nac2b posts ante 100
manggy94 posts small blind 500
Shuraki Kata posts big blind 1000
Dealt to manggy94 [4h 9s]
*** PRE-FLOP *** 
Nac2b folds
tripleYjones folds
RelentlessH folds
palleca5 calls 1000
manggy94 folds
Shuraki Kata checks
*** FLOP *** [Qh As 3s]
Shuraki Kata checks
palleca5 checks
*** TURN *** [Qh As 3s][Ks]
Shuraki Kata checks
palleca5 checks
*** RIVER *** [Qh As 3s Ks][9h]
Shuraki Kata checks
palleca5 checks
*** SHOW DOWN ***
Shuraki Kata shows [9d 4d] (One pair : 9)
palleca5 shows [Td Kd] (One pair : Kings)
palleca5 collected 3100 from pot
*** SUMMARY ***
Total pot 3100 | No rake
Board: [Qh As 3s Ks 9h]
Seat 3: palleca5 (button) showed [Td Kd] and won 3100 with One pair : Kings
Seat 5: Shuraki Kata (big blind) showed [9d 4d] and lost with One pair : 9


Winamax Poker - Tournament "LA FIEVRE" buyIn: 9€ + 1€ level: 9 - HandId: #654223570443960842-46-1459106603 - Holdem no limit (100/500/1000) - 2016/03/27 19:23:23 UTC
Table: 'LA FIEVRE(152323295)#0521' 6-max (real money) Seat #4 is the button
Seat 1: tripleYjones (15625)
Seat 2: RelentlessH (13700)
Seat 3: palleca5 (16950)
Seat 4: manggy94 (94690)
Seat 5: Shuraki Kata (14875)
Seat 6: Nac2b (44160)
*** ANTE/BLINDS ***
Shuraki Kata posts ante 100
Nac2b posts ante 100
tripleYjones posts ante 100
RelentlessH posts ante 100
palleca5 posts ante 100
manggy94 posts ante 100
Shuraki Kata posts small blind 500
Nac2b posts big blind 1000
Dealt to manggy94 [6s Td]
*** PRE-FLOP *** 
tripleYjones folds
RelentlessH folds
palleca5 folds
manggy94 raises 1000 to 2000
Shuraki Kata folds
Nac2b folds
manggy94 collected 4100 from pot
*** SUMMARY ***
Total pot 4100 | No rake
Seat 4: manggy94 (button) won 4100


Winamax Poker - Tournament "LA FIEVRE" buyIn: 9€ + 1€ level: 9 - HandId: #654223570443960842-47-1459106634 - Holdem no limit (100/500/1000) - 2016/03/27 19:23:54 UTC
Table: 'LA FIEVRE(152323295)#0521' 6-max (real money) Seat #5 is the button
Seat 1: tripleYjones (15525)
Seat 2: RelentlessH (13600)
Seat 3: palleca5 (16850)
Seat 4: manggy94 (96690)
Seat 5: Shuraki Kata (14275)
Seat 6: Nac2b (43060)
*** ANTE/BLINDS ***
Nac2b posts ante 100
tripleYjones posts ante 100
RelentlessH posts ante 100
palleca5 posts ante 100
manggy94 posts ante 100
Shuraki Kata posts ante 100
Nac2b posts small blind 500
tripleYjones posts big blind 1000
Dealt to manggy94 [6d 9s]
*** PRE-FLOP *** 
RelentlessH folds
palleca5 folds
manggy94 folds
Shuraki Kata folds
Nac2b folds
tripleYjones collected 2100 from pot
*** SUMMARY ***
Total pot 2100 | No rake
Seat 1: tripleYjones (big blind) won 2100


Winamax Poker - Tournament "LA FIEVRE" buyIn: 9€ + 1€ level: 9 - HandId: #654223570443960842-48-1459106663 - Holdem no limit (100/500/1000) - 2016/03/27 19:24:23 UTC
Table: 'LA FIEVRE(152323295)#0521' 6-max (real money) Seat #6 is the button
Seat 1: tripleYjones (16525)
Seat 2: RelentlessH (13500)
Seat 3: palleca5 (16750)
Seat 4: manggy94 (96590)
Seat 5: Shuraki Kata (14175)
Seat 6: Nac2b (42460)
*** ANTE/BLINDS ***
tripleYjones posts ante 100
RelentlessH posts ante 100
palleca5 posts ante 100
manggy94 posts ante 100
Shuraki Kata posts ante 100
Nac2b posts ante 100
tripleYjones posts small blind 500
RelentlessH posts big blind 1000
Dealt to manggy94 [2d 3c]
*** PRE-FLOP *** 
palleca5 folds
manggy94 folds
Shuraki Kata calls 1000
Nac2b folds
tripleYjones folds
RelentlessH checks
*** FLOP *** [4h Jc As]
RelentlessH checks
Shuraki Kata checks
*** TURN *** [4h Jc As][8c]
RelentlessH checks
Shuraki Kata checks
*** RIVER *** [4h Jc As 8c][6c]
RelentlessH checks
Shuraki Kata checks
*** SHOW DOWN ***
Shuraki Kata shows [7s Qs] (High card : Ace)
RelentlessH shows [Kh 4s] (One pair : 4)
RelentlessH collected 3100 from pot
*** SUMMARY ***
Total pot 3100 | No rake
Board: [4h Jc As 8c 6c]
Seat 2: RelentlessH (big blind) showed [Kh 4s] and won 3100 with One pair : 4
Seat 5: Shuraki Kata showed [7s Qs] and lost with High card : Ace


Winamax Poker - Tournament "LA FIEVRE" buyIn: 9€ + 1€ level: 9 - HandId: #654223570443960842-49-1459106714 - Holdem no limit (100/500/1000) - 2016/03/27 19:25:14 UTC
Table: 'LA FIEVRE(152323295)#0521' 6-max (real money) Seat #1 is the button
Seat 1: tripleYjones (15925)
Seat 2: RelentlessH (15500)
Seat 3: palleca5 (16650)
Seat 4: manggy94 (96490)
Seat 5: Shuraki Kata (13075)
Seat 6: Nac2b (42360)
*** ANTE/BLINDS ***
RelentlessH posts ante 100
palleca5 posts ante 100
tripleYjones posts ante 100
manggy94 posts ante 100
Shuraki Kata posts ante 100
Nac2b posts ante 100
RelentlessH posts small blind 500
palleca5 posts big blind 1000
Dealt to manggy94 [7c 7h]
*** PRE-FLOP *** 
manggy94 raises 3000 to 4000
Shuraki Kata folds
Nac2b calls 4000
tripleYjones folds
RelentlessH folds
palleca5 folds
*** FLOP *** [Ac 9h 4s]
manggy94 bets 6733
Nac2b calls 6733
*** TURN *** [Ac 9h 4s][Qc]
manggy94 checks
Nac2b checks
*** RIVER *** [Ac 9h 4s Qc][8c]
manggy94 checks
Nac2b bets 11783
manggy94 calls 11783
*** SHOW DOWN ***
manggy94 shows [7c 7h] (One pair : 7)
Nac2b shows [4d 4h] (Trips of 4)
Nac2b collected 47132 from pot
*** SUMMARY ***
Total pot 47132 | No rake
Board: [Ac 9h 4s Qc 8c]
Seat 4: manggy94 showed [7c 7h] and lost with One pair : 7
Seat 6: Nac2b showed [4d 4h] and won 47132 with Trips of 4


Winamax Poker - Tournament "LA FIEVRE" buyIn: 9€ + 1€ level: 9 - HandId: #654223570443960842-50-1459106779 - Holdem no limit (100/500/1000) - 2016/03/27 19:26:19 UTC
Table: 'LA FIEVRE(152323295)#0521' 6-max (real money) Seat #2 is the button
Seat 1: tripleYjones (15825)
Seat 2: RelentlessH (14900)
Seat 3: palleca5 (15550)
Seat 4: manggy94 (73874)
Seat 5: Shuraki Kata (12975)
Seat 6: Nac2b (66876)
*** ANTE/BLINDS ***
palleca5 posts ante 100
manggy94 posts ante 100
tripleYjones posts ante 100
RelentlessH posts ante 100
Shuraki Kata posts ante 100
Nac2b posts ante 100
palleca5 posts small blind 500
manggy94 posts big blind 1000
Dealt to manggy94 [Qs 9c]
*** PRE-FLOP *** 
Shuraki Kata raises 1000 to 2000
Nac2b folds
tripleYjones folds
RelentlessH folds
palleca5 folds
manggy94 calls 1000
*** FLOP *** [Jc Kh 3h]
manggy94 bets 3400
Shuraki Kata raises 7475 to 10875 and is all-in
manggy94 folds
Shuraki Kata collected 19375 from pot
*** SUMMARY ***
Total pot 19375 | No rake
Board: [Jc Kh 3h]
Seat 5: Shuraki Kata won 19375


Winamax Poker - Tournament "LA FIEVRE" buyIn: 9€ + 1€ level: 9 - HandId: #654223570443960842-51-1459106811 - Holdem no limit (100/500/1000) - 2016/03/27 19:26:51 UTC
Table: 'LA FIEVRE(152323295)#0521' 6-max (real money) Seat #3 is the button
Seat 1: tripleYjones (15725)
Seat 2: RelentlessH (14800)
Seat 3: palleca5 (14950)
Seat 4: manggy94 (68374)
Seat 5: Shuraki Kata (19375)
Seat 6: Nac2b (66776)
*** ANTE/BLINDS ***
manggy94 posts ante 100
Shuraki Kata posts ante 100
tripleYjones posts ante 100
RelentlessH posts ante 100
palleca5 posts ante 100
Nac2b posts ante 100
manggy94 posts small blind 500
Shuraki Kata posts big blind 1000
Dealt to manggy94 [9c 4d]
*** PRE-FLOP *** 
Nac2b raises 1000 to 2000
tripleYjones folds
RelentlessH folds
palleca5 folds
manggy94 folds
Shuraki Kata folds
Nac2b collected 4100 from pot
*** SUMMARY ***
Total pot 4100 | No rake
Seat 6: Nac2b won 4100


Winamax Poker - Tournament "LA FIEVRE" buyIn: 9€ + 1€ level: 9 - HandId: #654223570443960842-52-1459106828 - Holdem no limit (100/500/1000) - 2016/03/27 19:27:08 UTC
Table: 'LA FIEVRE(152323295)#0521' 6-max (real money) Seat #4 is the button
Seat 1: tripleYjones (15625)
Seat 2: RelentlessH (14700)
Seat 3: palleca5 (14850)
Seat 4: manggy94 (67774)
Seat 5: Shuraki Kata (18275)
Seat 6: Nac2b (68776)
*** ANTE/BLINDS ***
Shuraki Kata posts ante 100
Nac2b posts ante 100
tripleYjones posts ante 100
RelentlessH posts ante 100
palleca5 posts ante 100
manggy94 posts ante 100
Shuraki Kata posts small blind 500
Nac2b posts big blind 1000
Dealt to manggy94 [5s 3s]
*** PRE-FLOP *** 
tripleYjones folds
RelentlessH raises 1000 to 2000
palleca5 folds
manggy94 folds
Shuraki Kata calls 1500
Nac2b folds
*** FLOP *** [Tc 3d 3h]
Shuraki Kata checks
RelentlessH checks
*** TURN *** [Tc 3d 3h][Ac]
Shuraki Kata checks
RelentlessH bets 2500
Shuraki Kata calls 2500
*** RIVER *** [Tc 3d 3h Ac][Ks]
Shuraki Kata checks
RelentlessH bets 10100 and is all-in
Shuraki Kata folds
RelentlessH collected 20700 from pot
*** SUMMARY ***
Total pot 20700 | No rake
Board: [Tc 3d 3h Ac Ks]
Seat 2: RelentlessH won 20700


Winamax Poker - Tournament "LA FIEVRE" buyIn: 9€ + 1€ level: 10 - HandId: #654223570443960842-53-1459106914 - Holdem no limit (150/600/1200) - 2016/03/27 19:28:34 UTC
Table: 'LA FIEVRE(152323295)#0521' 6-max (real money) Seat #5 is the button
Seat 1: tripleYjones (15525)
Seat 2: RelentlessH (20700)
Seat 3: palleca5 (14750)
Seat 4: manggy94 (67674)
Seat 5: Shuraki Kata (13675)
Seat 6: Nac2b (67676)
*** ANTE/BLINDS ***
Nac2b posts ante 150
tripleYjones posts ante 150
RelentlessH posts ante 150
palleca5 posts ante 150
manggy94 posts ante 150
Shuraki Kata posts ante 150
Nac2b posts small blind 600
tripleYjones posts big blind 1200
Dealt to manggy94 [5c 8c]
*** PRE-FLOP *** 
RelentlessH folds
palleca5 folds
manggy94 folds
Shuraki Kata raises 12325 to 13525 and is all-in
Nac2b folds
tripleYjones folds
Shuraki Kata collected 16225 from pot
*** SUMMARY ***
Total pot 16225 | No rake
Seat 5: Shuraki Kata (button) won 16225


Winamax Poker - Tournament "LA FIEVRE" buyIn: 9€ + 1€ level: 10 - HandId: #654223570443960842-54-1459106949 - Holdem no limit (150/600/1200) - 2016/03/27 19:29:09 UTC
Table: 'LA FIEVRE(152323295)#0521' 6-max (real money) Seat #6 is the button
Seat 1: tripleYjones (14175)
Seat 2: RelentlessH (20550)
Seat 3: palleca5 (14600)
Seat 4: manggy94 (67524)
Seat 5: Shuraki Kata (16225)
Seat 6: Nac2b (66926)
*** ANTE/BLINDS ***
tripleYjones posts ante 150
RelentlessH posts ante 150
palleca5 posts ante 150
manggy94 posts ante 150
Shuraki Kata posts ante 150
Nac2b posts ante 150
tripleYjones posts small blind 600
RelentlessH posts big blind 1200
Dealt to manggy94 [9d 8d]
*** PRE-FLOP *** 
palleca5 folds
manggy94 calls 1200
Shuraki Kata folds
Nac2b calls 1200
tripleYjones calls 600
RelentlessH checks
*** FLOP *** [Ah 2c 8h]
tripleYjones checks
RelentlessH checks
manggy94 checks
Nac2b bets 2850
tripleYjones raises 9975 to 12825 and is all-in
RelentlessH folds
manggy94 folds
Nac2b folds
tripleYjones collected 21375 from pot
*** SUMMARY ***
Total pot 21375 | No rake
Board: [Ah 2c 8h]
Seat 1: tripleYjones (small blind) won 21375


Winamax Poker - Tournament "LA FIEVRE" buyIn: 9€ + 1€ level: 10 - HandId: #654223570443960842-55-1459107010 - Holdem no limit (150/600/1200) - 2016/03/27 19:30:10 UTC
Table: 'LA FIEVRE(152323295)#0521' 6-max (real money) Seat #1 is the button
Seat 1: tripleYjones (21375)
Seat 2: RelentlessH (19200)
Seat 3: palleca5 (14450)
Seat 4: manggy94 (66174)
Seat 5: Shuraki Kata (16075)
Seat 6: Nac2b (62726)
*** ANTE/BLINDS ***
RelentlessH posts ante 150
palleca5 posts ante 150
tripleYjones posts ante 150
manggy94 posts ante 150
Shuraki Kata posts ante 150
Nac2b posts ante 150
RelentlessH posts small blind 600
palleca5 posts big blind 1200
Dealt to manggy94 [4d Qc]
*** PRE-FLOP *** 
manggy94 folds
Shuraki Kata folds
Nac2b raises 1200 to 2400
tripleYjones folds
RelentlessH folds
palleca5 folds
Nac2b collected 5100 from pot
*** SUMMARY ***
Total pot 5100 | No rake
Seat 6: Nac2b won 5100


Winamax Poker - Tournament "LA FIEVRE" buyIn: 9€ + 1€ level: 10 - HandId: #654223570443960842-56-1459107064 - Holdem no limit (150/600/1200) - 2016/03/27 19:31:04 UTC
Table: 'LA FIEVRE(152323295)#0521' 6-max (real money) Seat #2 is the button
Seat 1: tripleYjones (21225)
Seat 2: RelentlessH (18450)
Seat 3: palleca5 (13100)
Seat 4: manggy94 (66024)
Seat 5: Shuraki Kata (15925)
Seat 6: Nac2b (65276)
*** ANTE/BLINDS ***
palleca5 posts ante 150
manggy94 posts ante 150
tripleYjones posts ante 150
RelentlessH posts ante 150
Shuraki Kata posts ante 150
Nac2b posts ante 150
palleca5 posts small blind 600
manggy94 posts big blind 1200
Dealt to manggy94 [5s 7h]
*** PRE-FLOP *** 
Shuraki Kata folds
Nac2b raises 1200 to 2400
tripleYjones folds
RelentlessH folds
palleca5 folds
manggy94 folds
Nac2b collected 5100 from pot
*** SUMMARY ***
Total pot 5100 | No rake
Seat 6: Nac2b won 5100


Winamax Poker - Tournament "LA FIEVRE" buyIn: 9€ + 1€ level: 10 - HandId: #654223570443960842-57-1459107098 - Holdem no limit (150/600/1200) - 2016/03/27 19:31:38 UTC
Table: 'LA FIEVRE(152323295)#0521' 6-max (real money) Seat #3 is the button
Seat 1: tripleYjones (21075)
Seat 2: RelentlessH (18300)
Seat 3: palleca5 (12350)
Seat 4: manggy94 (64674)
Seat 5: Shuraki Kata (15775)
Seat 6: Nac2b (67826)
*** ANTE/BLINDS ***
manggy94 posts ante 150
Shuraki Kata posts ante 150
tripleYjones posts ante 150
RelentlessH posts ante 150
palleca5 posts ante 150
Nac2b posts ante 150
manggy94 posts small blind 600
Shuraki Kata posts big blind 1200
Dealt to manggy94 [Jh 2c]
*** PRE-FLOP *** 
Nac2b folds
tripleYjones folds
RelentlessH folds
palleca5 folds
manggy94 calls 600
Shuraki Kata checks
*** FLOP *** [Ts Td 2h]
manggy94 bets 3300
Shuraki Kata folds
manggy94 collected 6600 from pot
*** SUMMARY ***
Total pot 6600 | No rake
Board: [Ts Td 2h]
Seat 4: manggy94 (small blind) won 6600


Winamax Poker - Tournament "LA FIEVRE" buyIn: 9€ + 1€ level: 10 - HandId: #654223570443960842-58-1459107151 - Holdem no limit (150/600/1200) - 2016/03/27 19:32:31 UTC
Table: 'LA FIEVRE(152323295)#0521' 6-max (real money) Seat #4 is the button
Seat 1: tripleYjones (20925)
Seat 2: RelentlessH (18150)
Seat 3: palleca5 (12200)
Seat 4: manggy94 (66624)
Seat 5: Shuraki Kata (14425)
Seat 6: Nac2b (67676)
*** ANTE/BLINDS ***
Shuraki Kata posts ante 150
Nac2b posts ante 150
tripleYjones posts ante 150
RelentlessH posts ante 150
palleca5 posts ante 150
manggy94 posts ante 150
Shuraki Kata posts small blind 600
Nac2b posts big blind 1200
Dealt to manggy94 [Qs Qd]
*** PRE-FLOP *** 
tripleYjones folds
RelentlessH folds
palleca5 folds
manggy94 raises 3900 to 5100
Shuraki Kata calls 4500
Nac2b folds
*** FLOP *** [4h 6d Qc]
Shuraki Kata bets 9175 and is all-in
manggy94 calls 9175
*** TURN *** [4h 6d Qc][Jd]
*** RIVER *** [4h 6d Qc Jd][7h]
*** SHOW DOWN ***
Shuraki Kata shows [6c Ac] (One pair : 6)
manggy94 shows [Qs Qd] (Trips of Queens)
manggy94 collected 30650 from pot
*** SUMMARY ***
Total pot 30650 | No rake
Board: [4h 6d Qc Jd 7h]
Seat 4: manggy94 (button) showed [Qs Qd] and won 30650 with Trips of Queens
Seat 5: Shuraki Kata (small blind) showed [6c Ac] and lost with One pair : 6


Winamax Poker - Tournament "LA FIEVRE" buyIn: 9€ + 1€ level: 10 - HandId: #654223570443960842-59-1459107203 - Holdem no limit (150/600/1200) - 2016/03/27 19:33:23 UTC
Table: 'LA FIEVRE(152323295)#0521' 6-max (real money) Seat #5 is the button
Seat 1: tripleYjones (20775)
Seat 2: RelentlessH (18000)
Seat 3: palleca5 (12050)
Seat 4: manggy94 (82849)
Seat 6: Nac2b (66326)
*** ANTE/BLINDS ***
Nac2b posts ante 150
tripleYjones posts ante 150
RelentlessH posts ante 150
palleca5 posts ante 150
manggy94 posts ante 150
Nac2b posts small blind 600
tripleYjones posts big blind 1200
Dealt to manggy94 [7h 4c]
*** PRE-FLOP *** 
RelentlessH folds
palleca5 folds
manggy94 folds
Nac2b folds
tripleYjones collected 2550 from pot
*** SUMMARY ***
Total pot 2550 | No rake
Seat 1: tripleYjones (big blind) won 2550


Winamax Poker - Tournament "LA FIEVRE" buyIn: 9€ + 1€ level: 10 - HandId: #654223570443960601-63-1459107247 - Holdem no limit (150/600/1200) - 2016/03/27 19:34:07 UTC
Table: 'LA FIEVRE(152323295)#0280' 6-max (real money) Seat #6 is the button
Seat 1: imLKG4molly (35602)
Seat 2: patalex99 (40982)
Seat 3: manggy94 (82699)
Seat 4: jedi22 (84102)
Seat 5: niconik (28430)
Seat 6: .Frezoco. (27986)
*** ANTE/BLINDS ***
imLKG4molly posts ante 150
patalex99 posts ante 150
manggy94 posts ante 150
jedi22 posts ante 150
niconik posts ante 150
.Frezoco. posts ante 150
imLKG4molly posts small blind 600
patalex99 posts big blind 1200
Dealt to manggy94 [7s Qs]
*** PRE-FLOP *** 
manggy94 calls 1200
jedi22 folds
niconik folds
.Frezoco. folds
imLKG4molly calls 600
patalex99 checks
*** FLOP *** [Ah 3d Kc]
imLKG4molly checks
patalex99 bets 2400
manggy94 folds
imLKG4molly folds
patalex99 shows [Kh 9d] (One pair : Kings)
patalex99 collected 6900 from pot
*** SUMMARY ***
Total pot 6900 | No rake
Board: [Ah 3d Kc]
Seat 2: patalex99 (big blind) showed [Kh 9d] and won 6900 with One pair : Kings


Winamax Poker - Tournament "LA FIEVRE" buyIn: 9€ + 1€ level: 10 - HandId: #654223570443960601-64-1459107294 - Holdem no limit (150/600/1200) - 2016/03/27 19:34:54 UTC
Table: 'LA FIEVRE(152323295)#0280' 6-max (real money) Seat #1 is the button
Seat 1: imLKG4molly (34252)
Seat 2: patalex99 (44132)
Seat 3: manggy94 (81349)
Seat 4: jedi22 (83952)
Seat 5: niconik (28280)
Seat 6: .Frezoco. (27836)
*** ANTE/BLINDS ***
patalex99 posts ante 150
manggy94 posts ante 150
imLKG4molly posts ante 150
jedi22 posts ante 150
niconik posts ante 150
.Frezoco. posts ante 150
patalex99 posts small blind 600
manggy94 posts big blind 1200
Dealt to manggy94 [Qd 8s]
*** PRE-FLOP *** 
jedi22 folds
niconik raises 1800 to 3000
.Frezoco. folds
imLKG4molly folds
patalex99 folds
manggy94 calls 1800
*** FLOP *** [5s Jd 6c]
manggy94 bets 1200
niconik calls 1200
*** TURN *** [5s Jd 6c][Ts]
manggy94 checks
niconik bets 4950
manggy94 calls 4950
*** RIVER *** [5s Jd 6c Ts][Ah]
manggy94 checks
niconik checks
*** SHOW DOWN ***
manggy94 shows [Qd 8s] (High card : Ace)
niconik shows [Ks Kh] (One pair : Kings)
niconik collected 19800 from pot
*** SUMMARY ***
Total pot 19800 | No rake
Board: [5s Jd 6c Ts Ah]
Seat 3: manggy94 (big blind) showed [Qd 8s] and lost with High card : Ace
Seat 5: niconik showed [Ks Kh] and won 19800 with One pair : Kings


Winamax Poker - Tournament "LA FIEVRE" buyIn: 9€ + 1€ level: 10 - HandId: #654223570443960601-65-1459107347 - Holdem no limit (150/600/1200) - 2016/03/27 19:35:47 UTC
Table: 'LA FIEVRE(152323295)#0280' 6-max (real money) Seat #2 is the button
Seat 1: imLKG4molly (34102)
Seat 2: patalex99 (43382)
Seat 3: manggy94 (72049)
Seat 4: jedi22 (83802)
Seat 5: niconik (38780)
Seat 6: .Frezoco. (27686)
*** ANTE/BLINDS ***
manggy94 posts ante 150
jedi22 posts ante 150
imLKG4molly posts ante 150
patalex99 posts ante 150
niconik posts ante 150
.Frezoco. posts ante 150
manggy94 posts small blind 600
jedi22 posts big blind 1200
Dealt to manggy94 [9c Kd]
*** PRE-FLOP *** 
niconik raises 1200 to 2400
.Frezoco. folds
imLKG4molly folds
patalex99 folds
manggy94 calls 1800
jedi22 folds
*** FLOP *** [As Qc Jh]
manggy94 checks
niconik bets 3450
manggy94 calls 3450
*** TURN *** [As Qc Jh][4c]
manggy94 checks
niconik bets 4200
manggy94 calls 4200
*** RIVER *** [As Qc Jh 4c][4h]
manggy94 checks
niconik bets 6600
manggy94 folds
niconik collected 28800 from pot
*** SUMMARY ***
Total pot 28800 | No rake
Board: [As Qc Jh 4c 4h]
Seat 5: niconik won 28800


Winamax Poker - Tournament "LA FIEVRE" buyIn: 9€ + 1€ level: 10 - HandId: #654223570443960601-66-1459107406 - Holdem no limit (150/600/1200) - 2016/03/27 19:36:46 UTC
Table: 'LA FIEVRE(152323295)#0280' 6-max (real money) Seat #3 is the button
Seat 1: imLKG4molly (33952)
Seat 2: patalex99 (43232)
Seat 3: manggy94 (61849)
Seat 4: jedi22 (82452)
Seat 5: niconik (50780)
Seat 6: .Frezoco. (27536)
*** ANTE/BLINDS ***
jedi22 posts ante 150
niconik posts ante 150
imLKG4molly posts ante 150
patalex99 posts ante 150
manggy94 posts ante 150
.Frezoco. posts ante 150
jedi22 posts small blind 600
niconik posts big blind 1200
Dealt to manggy94 [2h 8s]
*** PRE-FLOP *** 
.Frezoco. folds
imLKG4molly folds
patalex99 calls 1200
manggy94 folds
jedi22 folds
niconik checks
*** FLOP *** [8d 6h 7d]
niconik checks
patalex99 bets 2400
niconik calls 2400
*** TURN *** [8d 6h 7d][Qs]
niconik checks
patalex99 checks
*** RIVER *** [8d 6h 7d Qs][Jh]
niconik checks
patalex99 checks
*** SHOW DOWN ***
patalex99 shows [6s Ad] (One pair : 6)
niconik shows [Ah 7s] (One pair : 7)
niconik collected 8700 from pot
*** SUMMARY ***
Total pot 8700 | No rake
Board: [8d 6h 7d Qs Jh]
Seat 2: patalex99 showed [6s Ad] and lost with One pair : 6
Seat 5: niconik (big blind) showed [Ah 7s] and won 8700 with One pair : 7


Winamax Poker - Tournament "LA FIEVRE" buyIn: 9€ + 1€ level: 11 - HandId: #654223570443960601-67-1459107449 - Holdem no limit (180/800/1600) - 2016/03/27 19:37:29 UTC
Table: 'LA FIEVRE(152323295)#0280' 6-max (real money) Seat #4 is the button
Seat 1: imLKG4molly (33802)
Seat 2: patalex99 (39482)
Seat 3: manggy94 (61699)
Seat 4: jedi22 (81702)
Seat 5: niconik (55730)
Seat 6: .Frezoco. (27386)
*** ANTE/BLINDS ***
niconik posts ante 180
.Frezoco. posts ante 180
imLKG4molly posts ante 180
patalex99 posts ante 180
manggy94 posts ante 180
jedi22 posts ante 180
niconik posts small blind 800
.Frezoco. posts big blind 1600
Dealt to manggy94 [6d 7c]
*** PRE-FLOP *** 
imLKG4molly folds
patalex99 raises 1600 to 3200
manggy94 folds
jedi22 calls 3200
niconik folds
.Frezoco. folds
*** FLOP *** [Kh 3s 4s]
patalex99 checks
jedi22 bets 9880
patalex99 folds
jedi22 collected 19760 from pot
*** SUMMARY ***
Total pot 19760 | No rake
Board: [Kh 3s 4s]
Seat 4: jedi22 (button) won 19760


Winamax Poker - Tournament "LA FIEVRE" buyIn: 9€ + 1€ level: 11 - HandId: #654223570443960601-68-1459107491 - Holdem no limit (180/800/1600) - 2016/03/27 19:38:11 UTC
Table: 'LA FIEVRE(152323295)#0280' 6-max (real money) Seat #5 is the button
Seat 1: imLKG4molly (33622)
Seat 2: patalex99 (36102)
Seat 3: manggy94 (61519)
Seat 4: jedi22 (88202)
Seat 5: niconik (54750)
Seat 6: .Frezoco. (25606)
*** ANTE/BLINDS ***
.Frezoco. posts ante 180
imLKG4molly posts ante 180
patalex99 posts ante 180
manggy94 posts ante 180
jedi22 posts ante 180
niconik posts ante 180
.Frezoco. posts small blind 800
imLKG4molly posts big blind 1600
Dealt to manggy94 [5d Kh]
*** PRE-FLOP *** 
patalex99 folds
manggy94 folds
jedi22 folds
niconik folds
.Frezoco. raises 1600 to 3200
imLKG4molly folds
.Frezoco. collected 5880 from pot
*** SUMMARY ***
Total pot 5880 | No rake
Seat 6: .Frezoco. (small blind) won 5880


Winamax Poker - Tournament "LA FIEVRE" buyIn: 9€ + 1€ level: 11 - HandId: #654223570443960601-69-1459107523 - Holdem no limit (180/800/1600) - 2016/03/27 19:38:43 UTC
Table: 'LA FIEVRE(152323295)#0280' 6-max (real money) Seat #6 is the button
Seat 1: imLKG4molly (31842)
Seat 2: patalex99 (35922)
Seat 3: manggy94 (61339)
Seat 4: jedi22 (88022)
Seat 5: niconik (54570)
Seat 6: .Frezoco. (28106)
*** ANTE/BLINDS ***
imLKG4molly posts ante 180
patalex99 posts ante 180
manggy94 posts ante 180
jedi22 posts ante 180
niconik posts ante 180
.Frezoco. posts ante 180
imLKG4molly posts small blind 800
patalex99 posts big blind 1600
Dealt to manggy94 [5h Qd]
*** PRE-FLOP *** 
manggy94 folds
jedi22 calls 1600
niconik folds
.Frezoco. raises 1600 to 3200
imLKG4molly folds
patalex99 calls 1600
jedi22 calls 1600
*** FLOP *** [Ts 9d Jc]
patalex99 checks
jedi22 checks
.Frezoco. bets 4000
patalex99 folds
jedi22 calls 4000
*** TURN *** [Ts 9d Jc][Ah]
jedi22 bets 1600
.Frezoco. calls 1600
*** RIVER *** [Ts 9d Jc Ah][3s]
jedi22 bets 1600
.Frezoco. raises 17526 to 19126 and is all-in
jedi22 folds
.Frezoco. collected 43406 from pot
*** SUMMARY ***
Total pot 43406 | No rake
Board: [Ts 9d Jc Ah 3s]
Seat 6: .Frezoco. (button) won 43406


Winamax Poker - Tournament "LA FIEVRE" buyIn: 9€ + 1€ level: 11 - HandId: #654223570443960601-70-1459107592 - Holdem no limit (180/800/1600) - 2016/03/27 19:39:52 UTC
Table: 'LA FIEVRE(152323295)#0280' 6-max (real money) Seat #1 is the button
Seat 1: imLKG4molly (30862)
Seat 2: patalex99 (32542)
Seat 3: manggy94 (61159)
Seat 4: jedi22 (77442)
Seat 5: niconik (54390)
Seat 6: .Frezoco. (43406)
*** ANTE/BLINDS ***
patalex99 posts ante 180
manggy94 posts ante 180
imLKG4molly posts ante 180
jedi22 posts ante 180
niconik posts ante 180
.Frezoco. posts ante 180
patalex99 posts small blind 800
manggy94 posts big blind 1600
Dealt to manggy94 [Qd 3s]
*** PRE-FLOP *** 
jedi22 calls 1600
niconik folds
.Frezoco. folds
imLKG4molly folds
patalex99 folds
manggy94 checks
*** FLOP *** [8s 7c 9s]
manggy94 checks
jedi22 bets 1600
manggy94 folds
jedi22 collected 6680 from pot
*** SUMMARY ***
Total pot 6680 | No rake
Board: [8s 7c 9s]
Seat 4: jedi22 won 6680


Winamax Poker - Tournament "LA FIEVRE" buyIn: 9€ + 1€ level: 11 - HandId: #654223570443960601-71-1459107611 - Holdem no limit (180/800/1600) - 2016/03/27 19:40:11 UTC
Table: 'LA FIEVRE(152323295)#0280' 6-max (real money) Seat #2 is the button
Seat 1: imLKG4molly (30682)
Seat 2: patalex99 (31562)
Seat 3: manggy94 (59379)
Seat 4: jedi22 (80742)
Seat 5: niconik (54210)
Seat 6: .Frezoco. (43226)
*** ANTE/BLINDS ***
manggy94 posts ante 180
jedi22 posts ante 180
imLKG4molly posts ante 180
patalex99 posts ante 180
niconik posts ante 180
.Frezoco. posts ante 180
manggy94 posts small blind 800
jedi22 posts big blind 1600
Dealt to manggy94 [4d 8s]
*** PRE-FLOP *** 
niconik folds
.Frezoco. folds
imLKG4molly folds
patalex99 folds
manggy94 folds
jedi22 collected 3480 from pot
*** SUMMARY ***
Total pot 3480 | No rake
Seat 4: jedi22 (big blind) won 3480


Winamax Poker - Tournament "LA FIEVRE" buyIn: 9€ + 1€ level: 11 - HandId: #654223570443960601-72-1459107625 - Holdem no limit (180/800/1600) - 2016/03/27 19:40:25 UTC
Table: 'LA FIEVRE(152323295)#0280' 6-max (real money) Seat #3 is the button
Seat 1: imLKG4molly (30502)
Seat 2: patalex99 (31382)
Seat 3: manggy94 (58399)
Seat 4: jedi22 (82442)
Seat 5: niconik (54030)
Seat 6: .Frezoco. (43046)
*** ANTE/BLINDS ***
jedi22 posts ante 180
niconik posts ante 180
imLKG4molly posts ante 180
patalex99 posts ante 180
manggy94 posts ante 180
.Frezoco. posts ante 180
jedi22 posts small blind 800
niconik posts big blind 1600
Dealt to manggy94 [9s 3c]
*** PRE-FLOP *** 
.Frezoco. folds
imLKG4molly folds
patalex99 folds
manggy94 folds
jedi22 calls 800
niconik checks
*** FLOP *** [6c 6s 8d]
jedi22 bets 1600
niconik calls 1600
*** TURN *** [6c 6s 8d][Jd]
jedi22 bets 1600
niconik calls 1600
*** RIVER *** [6c 6s 8d Jd][5h]
jedi22 bets 1600
niconik raises 5600 to 7200
jedi22 calls 5600
*** SHOW DOWN ***
niconik shows [Th 7h] (One pair : 6)
jedi22 shows [5c Jc] (Two pairs : Jacks and 6)
jedi22 collected 25080 from pot
*** SUMMARY ***
Total pot 25080 | No rake
Board: [6c 6s 8d Jd 5h]
Seat 4: jedi22 (small blind) showed [5c Jc] and won 25080 with Two pairs : Jacks and 6
Seat 5: niconik (big blind) showed [Th 7h] and lost with One pair : 6


Winamax Poker - Tournament "LA FIEVRE" buyIn: 9€ + 1€ level: 11 - HandId: #654223570443960601-73-1459107693 - Holdem no limit (180/800/1600) - 2016/03/27 19:41:33 UTC
Table: 'LA FIEVRE(152323295)#0280' 6-max (real money) Seat #4 is the button
Seat 1: imLKG4molly (30322)
Seat 2: patalex99 (31202)
Seat 3: manggy94 (58219)
Seat 4: jedi22 (95342)
Seat 5: niconik (41850)
Seat 6: .Frezoco. (42866)
*** ANTE/BLINDS ***
niconik posts ante 180
.Frezoco. posts ante 180
imLKG4molly posts ante 180
patalex99 posts ante 180
manggy94 posts ante 180
jedi22 posts ante 180
niconik posts small blind 800
.Frezoco. posts big blind 1600
Dealt to manggy94 [2c 4s]
*** PRE-FLOP *** 
imLKG4molly folds
patalex99 folds
manggy94 folds
jedi22 folds
niconik folds
.Frezoco. collected 3480 from pot
*** SUMMARY ***
Total pot 3480 | No rake
Seat 6: .Frezoco. (big blind) won 3480


Winamax Poker - Tournament "LA FIEVRE" buyIn: 9€ + 1€ level: 11 - HandId: #654223570443960601-74-1459107711 - Holdem no limit (180/800/1600) - 2016/03/27 19:41:51 UTC
Table: 'LA FIEVRE(152323295)#0280' 6-max (real money) Seat #5 is the button
Seat 1: imLKG4molly (30142)
Seat 2: patalex99 (31022)
Seat 3: manggy94 (58039)
Seat 4: jedi22 (95162)
Seat 5: niconik (40870)
Seat 6: .Frezoco. (44566)
*** ANTE/BLINDS ***
.Frezoco. posts ante 180
imLKG4molly posts ante 180
patalex99 posts ante 180
manggy94 posts ante 180
jedi22 posts ante 180
niconik posts ante 180
.Frezoco. posts small blind 800
imLKG4molly posts big blind 1600
Dealt to manggy94 [7c 7s]
*** PRE-FLOP *** 
patalex99 folds
manggy94 raises 5080 to 6680
jedi22 folds
niconik folds
.Frezoco. folds
imLKG4molly calls 5080
*** FLOP *** [Qd 4c Kd]
imLKG4molly checks
manggy94 bets 15240
imLKG4molly raises 8042 to 23282 and is all-in
manggy94 calls 8042
*** TURN *** [Qd 4c Kd][2d]
*** RIVER *** [Qd 4c Kd 2d][Kh]
*** SHOW DOWN ***
manggy94 shows [7c 7s] (Two pairs : Kings and 7)
imLKG4molly shows [Js Ks] (Trips of Kings)
imLKG4molly collected 61804 from pot
*** SUMMARY ***
Total pot 61804 | No rake
Board: [Qd 4c Kd 2d Kh]
Seat 1: imLKG4molly (big blind) showed [Js Ks] and won 61804 with Trips of Kings
Seat 3: manggy94 showed [7c 7s] and lost with Two pairs : Kings and 7


Winamax Poker - Tournament "LA FIEVRE" buyIn: 9€ + 1€ level: 11 - HandId: #654223570443960601-75-1459107764 - Holdem no limit (180/800/1600) - 2016/03/27 19:42:44 UTC
Table: 'LA FIEVRE(152323295)#0280' 6-max (real money) Seat #6 is the button
Seat 1: imLKG4molly (61804)
Seat 2: patalex99 (30842)
Seat 3: manggy94 (27897)
Seat 4: jedi22 (94982)
Seat 5: niconik (40690)
Seat 6: .Frezoco. (43586)
*** ANTE/BLINDS ***
imLKG4molly posts ante 180
patalex99 posts ante 180
manggy94 posts ante 180
jedi22 posts ante 180
niconik posts ante 180
.Frezoco. posts ante 180
imLKG4molly posts small blind 800
patalex99 posts big blind 1600
Dealt to manggy94 [Ad Kh]
*** PRE-FLOP *** 
manggy94 raises 26117 to 27717 and is all-in
jedi22 folds
niconik folds
.Frezoco. folds
imLKG4molly folds
patalex99 folds
manggy94 collected 31197 from pot
*** SUMMARY ***
Total pot 31197 | No rake
Seat 3: manggy94 won 31197


Winamax Poker - Tournament "LA FIEVRE" buyIn: 9€ + 1€ level: 11 - HandId: #654223570443960601-76-1459107790 - Holdem no limit (180/800/1600) - 2016/03/27 19:43:10 UTC
Table: 'LA FIEVRE(152323295)#0280' 6-max (real money) Seat #1 is the button
Seat 1: imLKG4molly (60824)
Seat 2: patalex99 (29062)
Seat 3: manggy94 (31197)
Seat 4: jedi22 (94802)
Seat 5: niconik (40510)
Seat 6: .Frezoco. (43406)
*** ANTE/BLINDS ***
patalex99 posts ante 180
manggy94 posts ante 180
imLKG4molly posts ante 180
jedi22 posts ante 180
niconik posts ante 180
.Frezoco. posts ante 180
patalex99 posts small blind 800
manggy94 posts big blind 1600
Dealt to manggy94 [4s 5c]
*** PRE-FLOP *** 
jedi22 folds
niconik folds
.Frezoco. folds
imLKG4molly folds
patalex99 calls 800
manggy94 checks
*** FLOP *** [3d Kc 9s]
patalex99 bets 1600
manggy94 folds
patalex99 collected 5880 from pot
*** SUMMARY ***
Total pot 5880 | No rake
Board: [3d Kc 9s]
Seat 2: patalex99 (small blind) won 5880


Winamax Poker - Tournament "LA FIEVRE" buyIn: 9€ + 1€ level: 11 - HandId: #654223570443960601-77-1459107817 - Holdem no limit (180/800/1600) - 2016/03/27 19:43:37 UTC
Table: 'LA FIEVRE(152323295)#0280' 6-max (real money) Seat #2 is the button
Seat 1: imLKG4molly (60644)
Seat 2: patalex99 (31562)
Seat 3: manggy94 (29417)
Seat 4: jedi22 (94622)
Seat 5: niconik (40330)
Seat 6: .Frezoco. (43226)
*** ANTE/BLINDS ***
manggy94 posts ante 180
jedi22 posts ante 180
imLKG4molly posts ante 180
patalex99 posts ante 180
niconik posts ante 180
.Frezoco. posts ante 180
manggy94 posts small blind 800
jedi22 posts big blind 1600
Dealt to manggy94 [Ac 6s]
*** PRE-FLOP *** 
niconik raises 2400 to 4000
.Frezoco. folds
imLKG4molly folds
patalex99 folds
manggy94 calls 3200
jedi22 raises 2400 to 6400
niconik raises 33750 to 40150 and is all-in
manggy94 folds
jedi22 calls 33750
*** FLOP *** [5s Qs As]
*** TURN *** [5s Qs As][6c]
*** RIVER *** [5s Qs As 6c][2d]
*** SHOW DOWN ***
jedi22 shows [Js Jh] (One pair : Jacks)
niconik shows [Qh Ad] (Two pairs : Aces and Queens)
niconik collected 85380 from pot
*** SUMMARY ***
Total pot 85380 | No rake
Board: [5s Qs As 6c 2d]
Seat 4: jedi22 (big blind) showed [Js Jh] and lost with One pair : Jacks
Seat 5: niconik showed [Qh Ad] and won 85380 with Two pairs : Aces and Queens


Winamax Poker - Tournament "LA FIEVRE" buyIn: 9€ + 1€ level: 11 - HandId: #654223570443960601-78-1459107882 - Holdem no limit (180/800/1600) - 2016/03/27 19:44:42 UTC
Table: 'LA FIEVRE(152323295)#0280' 6-max (real money) Seat #3 is the button
Seat 1: imLKG4molly (60464)
Seat 2: patalex99 (31382)
Seat 3: manggy94 (25237)
Seat 4: jedi22 (54292)
Seat 5: niconik (85380)
Seat 6: .Frezoco. (43046)
*** ANTE/BLINDS ***
jedi22 posts ante 180
niconik posts ante 180
imLKG4molly posts ante 180
patalex99 posts ante 180
manggy94 posts ante 180
.Frezoco. posts ante 180
jedi22 posts small blind 800
niconik posts big blind 1600
Dealt to manggy94 [9h 2h]
*** PRE-FLOP *** 
.Frezoco. folds
imLKG4molly folds
patalex99 folds
manggy94 folds
jedi22 calls 800
niconik checks
*** FLOP *** [Ks Qs 3h]
jedi22 bets 2400
niconik folds
jedi22 collected 6680 from pot
*** SUMMARY ***
Total pot 6680 | No rake
Board: [Ks Qs 3h]
Seat 4: jedi22 (small blind) won 6680


Winamax Poker - Tournament "LA FIEVRE" buyIn: 9€ + 1€ level: 11 - HandId: #654223570443960601-79-1459107901 - Holdem no limit (180/800/1600) - 2016/03/27 19:45:01 UTC
Table: 'LA FIEVRE(152323295)#0280' 6-max (real money) Seat #4 is the button
Seat 1: imLKG4molly (60284)
Seat 2: patalex99 (31202)
Seat 3: manggy94 (25057)
Seat 4: jedi22 (56792)
Seat 5: niconik (83600)
Seat 6: .Frezoco. (42866)
*** ANTE/BLINDS ***
niconik posts ante 180
.Frezoco. posts ante 180
imLKG4molly posts ante 180
patalex99 posts ante 180
manggy94 posts ante 180
jedi22 posts ante 180
niconik posts small blind 800
.Frezoco. posts big blind 1600
Dealt to manggy94 [As 4s]
*** PRE-FLOP *** 
imLKG4molly folds
patalex99 folds
manggy94 raises 23277 to 24877 and is all-in
jedi22 calls 24877
niconik folds
.Frezoco. folds
*** FLOP *** [Ts 8d 9s]
*** TURN *** [Ts 8d 9s][9h]
*** RIVER *** [Ts 8d 9s 9h][Ad]
*** SHOW DOWN ***
jedi22 shows [Ks Jd] (One pair : 9)
manggy94 shows [As 4s] (Two pairs : Aces and 9)
manggy94 collected 53234 from pot
*** SUMMARY ***
Total pot 53234 | No rake
Board: [Ts 8d 9s 9h Ad]
Seat 3: manggy94 showed [As 4s] and won 53234 with Two pairs : Aces and 9
Seat 4: jedi22 (button) showed [Ks Jd] and lost with One pair : 9


Winamax Poker - Tournament "LA FIEVRE" buyIn: 9€ + 1€ level: 11 - HandId: #654223570443960601-80-1459107931 - Holdem no limit (180/800/1600) - 2016/03/27 19:45:31 UTC
Table: 'LA FIEVRE(152323295)#0280' 6-max (real money) Seat #5 is the button
Seat 1: imLKG4molly (60104)
Seat 2: patalex99 (31022)
Seat 3: manggy94 (53234)
Seat 4: jedi22 (31735)
Seat 5: niconik (82620)
Seat 6: .Frezoco. (41086)
*** ANTE/BLINDS ***
.Frezoco. posts ante 180
imLKG4molly posts ante 180
patalex99 posts ante 180
manggy94 posts ante 180
jedi22 posts ante 180
niconik posts ante 180
.Frezoco. posts small blind 800
imLKG4molly posts big blind 1600
Dealt to manggy94 [6h Qs]
*** PRE-FLOP *** 
patalex99 folds
manggy94 folds
jedi22 folds
niconik folds
.Frezoco. raises 3200 to 4800
imLKG4molly folds
.Frezoco. collected 7480 from pot
*** SUMMARY ***
Total pot 7480 | No rake
Seat 6: .Frezoco. (small blind) won 7480


Winamax Poker - Tournament "LA FIEVRE" buyIn: 9€ + 1€ level: 11 - HandId: #654223570443960601-81-1459107949 - Holdem no limit (180/800/1600) - 2016/03/27 19:45:49 UTC
Table: 'LA FIEVRE(152323295)#0280' 6-max (real money) Seat #6 is the button
Seat 1: imLKG4molly (58324)
Seat 2: patalex99 (30842)
Seat 3: manggy94 (53054)
Seat 4: jedi22 (31555)
Seat 5: niconik (82440)
Seat 6: .Frezoco. (43586)
*** ANTE/BLINDS ***
imLKG4molly posts ante 180
patalex99 posts ante 180
manggy94 posts ante 180
jedi22 posts ante 180
niconik posts ante 180
.Frezoco. posts ante 180
imLKG4molly posts small blind 800
patalex99 posts big blind 1600
Dealt to manggy94 [Jd 3c]
*** PRE-FLOP *** 
manggy94 folds
jedi22 folds
niconik folds
.Frezoco. folds
imLKG4molly raises 56544 to 58144 and is all-in
patalex99 folds
imLKG4molly collected 60824 from pot
*** SUMMARY ***
Total pot 60824 | No rake
Seat 1: imLKG4molly (small blind) won 60824


Winamax Poker - Tournament "LA FIEVRE" buyIn: 9€ + 1€ level: 11 - HandId: #654223570443960601-82-1459107979 - Holdem no limit (180/800/1600) - 2016/03/27 19:46:19 UTC
Table: 'LA FIEVRE(152323295)#0280' 6-max (real money) Seat #1 is the button
Seat 1: imLKG4molly (60824)
Seat 2: patalex99 (29062)
Seat 3: manggy94 (52874)
Seat 4: jedi22 (31375)
Seat 5: niconik (82260)
Seat 6: .Frezoco. (43406)
*** ANTE/BLINDS ***
patalex99 posts ante 180
manggy94 posts ante 180
imLKG4molly posts ante 180
jedi22 posts ante 180
niconik posts ante 180
.Frezoco. posts ante 180
patalex99 posts small blind 800
manggy94 posts big blind 1600
Dealt to manggy94 [Js 5h]
*** PRE-FLOP *** 
jedi22 folds
niconik folds
.Frezoco. folds
imLKG4molly folds
patalex99 calls 800
manggy94 checks
*** FLOP *** [Ac 9d Qs]
patalex99 bets 3210
manggy94 folds
patalex99 collected 7490 from pot
*** SUMMARY ***
Total pot 7490 | No rake
Board: [Ac 9d Qs]
Seat 2: patalex99 (small blind) won 7490


Winamax Poker - Tournament "LA FIEVRE" buyIn: 9€ + 1€ level: 11 - HandId: #654223570443960601-83-1459108004 - Holdem no limit (180/800/1600) - 2016/03/27 19:46:44 UTC
Table: 'LA FIEVRE(152323295)#0280' 6-max (real money) Seat #2 is the button
Seat 1: imLKG4molly (60644)
Seat 2: patalex99 (31562)
Seat 3: manggy94 (51094)
Seat 4: jedi22 (31195)
Seat 5: niconik (82080)
Seat 6: .Frezoco. (43226)
*** ANTE/BLINDS ***
manggy94 posts ante 180
jedi22 posts ante 180
imLKG4molly posts ante 180
patalex99 posts ante 180
niconik posts ante 180
.Frezoco. posts ante 180
manggy94 posts small blind 800
jedi22 posts big blind 1600
Dealt to manggy94 [Th Kh]
*** PRE-FLOP *** 
niconik folds
.Frezoco. folds
imLKG4molly folds
patalex99 folds
manggy94 raises 1600 to 3200
jedi22 calls 1600
*** FLOP *** [Js 3s Jd]
manggy94 checks
jedi22 bets 1600
manggy94 calls 1600
*** TURN *** [Js 3s Jd][Ac]
manggy94 checks
jedi22 checks
*** RIVER *** [Js 3s Jd Ac][2h]
manggy94 checks
jedi22 checks
*** SHOW DOWN ***
jedi22 shows [Td 4d] (One pair : Jacks)
manggy94 shows [Th Kh] (One pair : Jacks)
manggy94 collected 10680 from pot
*** SUMMARY ***
Total pot 10680 | No rake
Board: [Js 3s Jd Ac 2h]
Seat 3: manggy94 (small blind) showed [Th Kh] and won 10680 with One pair : Jacks
Seat 4: jedi22 (big blind) showed [Td 4d] and lost with One pair : Jacks


Winamax Poker - Tournament "LA FIEVRE" buyIn: 9€ + 1€ level: 11 - HandId: #654223570443960601-84-1459108035 - Holdem no limit (180/800/1600) - 2016/03/27 19:47:15 UTC
Table: 'LA FIEVRE(152323295)#0280' 6-max (real money) Seat #3 is the button
Seat 1: imLKG4molly (60464)
Seat 2: patalex99 (31382)
Seat 3: manggy94 (56794)
Seat 4: jedi22 (26215)
Seat 5: niconik (81900)
Seat 6: .Frezoco. (43046)
*** ANTE/BLINDS ***
jedi22 posts ante 180
niconik posts ante 180
imLKG4molly posts ante 180
patalex99 posts ante 180
manggy94 posts ante 180
.Frezoco. posts ante 180
jedi22 posts small blind 800
niconik posts big blind 1600
Dealt to manggy94 [Qc 2c]
*** PRE-FLOP *** 
.Frezoco. folds
imLKG4molly folds
patalex99 folds
manggy94 folds
jedi22 folds
niconik collected 3480 from pot
*** SUMMARY ***
Total pot 3480 | No rake
Seat 5: niconik (big blind) won 3480


Winamax Poker - Tournament "LA FIEVRE" buyIn: 9€ + 1€ level: 12 - HandId: #654223570443960601-85-1459108050 - Holdem no limit (240/1000/2000) - 2016/03/27 19:47:30 UTC
Table: 'LA FIEVRE(152323295)#0280' 6-max (real money) Seat #4 is the button
Seat 1: imLKG4molly (60284)
Seat 2: patalex99 (31202)
Seat 3: manggy94 (56614)
Seat 4: jedi22 (25235)
Seat 5: niconik (83600)
Seat 6: .Frezoco. (42866)
*** ANTE/BLINDS ***
niconik posts ante 240
.Frezoco. posts ante 240
imLKG4molly posts ante 240
patalex99 posts ante 240
manggy94 posts ante 240
jedi22 posts ante 240
niconik posts small blind 1000
.Frezoco. posts big blind 2000
Dealt to manggy94 [5h 4s]
*** PRE-FLOP *** 
imLKG4molly folds
patalex99 folds
manggy94 folds
jedi22 folds
niconik folds
.Frezoco. collected 4440 from pot
*** SUMMARY ***
Total pot 4440 | No rake
Seat 6: .Frezoco. (big blind) won 4440


Winamax Poker - Tournament "LA FIEVRE" buyIn: 9€ + 1€ level: 12 - HandId: #654223570443960601-86-1459108066 - Holdem no limit (240/1000/2000) - 2016/03/27 19:47:46 UTC
Table: 'LA FIEVRE(152323295)#0280' 6-max (real money) Seat #5 is the button
Seat 1: imLKG4molly (60044)
Seat 2: patalex99 (30962)
Seat 3: manggy94 (56374)
Seat 4: jedi22 (24995)
Seat 5: niconik (82360)
Seat 6: .Frezoco. (45066)
*** ANTE/BLINDS ***
.Frezoco. posts ante 240
imLKG4molly posts ante 240
patalex99 posts ante 240
manggy94 posts ante 240
jedi22 posts ante 240
niconik posts ante 240
.Frezoco. posts small blind 1000
imLKG4molly posts big blind 2000
Dealt to manggy94 [5d 2d]
*** PRE-FLOP *** 
patalex99 folds
manggy94 folds
jedi22 calls 2000
niconik folds
.Frezoco. calls 1000
imLKG4molly raises 57804 to 59804 and is all-in
jedi22 calls 22755 and is all-in
.Frezoco. folds
*** FLOP *** [2c 3c 4d]
*** TURN *** [2c 3c 4d][3d]
*** RIVER *** [2c 3c 4d 3d][Tc]
*** SHOW DOWN ***
jedi22 shows [Qs 4h] (Two pairs : 4 and 3)
imLKG4molly shows [4s Ac] (Two pairs : 4 and 3)
imLKG4molly collected 87999 from pot
*** SUMMARY ***
Total pot 87999 | No rake
Board: [2c 3c 4d 3d Tc]
Seat 1: imLKG4molly (big blind) showed [4s Ac] and won 87999 with Two pairs : 4 and 3
Seat 4: jedi22 showed [Qs 4h] and lost with Two pairs : 4 and 3


Winamax Poker - Tournament "LA FIEVRE" buyIn: 9€ + 1€ level: 12 - HandId: #654223570443960601-87-1459108110 - Holdem no limit (240/1000/2000) - 2016/03/27 19:48:30 UTC
Table: 'LA FIEVRE(152323295)#0280' 6-max (real money) Seat #6 is the button
Seat 1: imLKG4molly (87999)
Seat 2: patalex99 (30722)
Seat 3: manggy94 (56134)
Seat 5: niconik (82120)
Seat 6: .Frezoco. (42826)
*** ANTE/BLINDS ***
imLKG4molly posts ante 240
patalex99 posts ante 240
manggy94 posts ante 240
niconik posts ante 240
.Frezoco. posts ante 240
imLKG4molly posts small blind 1000
patalex99 posts big blind 2000
Dealt to manggy94 [5h 3d]
*** PRE-FLOP *** 
manggy94 folds
niconik raises 3000 to 5000
.Frezoco. folds
imLKG4molly folds
patalex99 calls 3000
*** FLOP *** [8h 6s Kc]
patalex99 checks
niconik checks
*** TURN *** [8h 6s Kc][2h]
patalex99 checks
niconik checks
*** RIVER *** [8h 6s Kc 2h][Kh]
patalex99 bets 6100
niconik folds
patalex99 collected 18300 from pot
*** SUMMARY ***
Total pot 18300 | No rake
Board: [8h 6s Kc 2h Kh]
Seat 2: patalex99 (big blind) won 18300


Winamax Poker - Tournament "LA FIEVRE" buyIn: 9€ + 1€ level: 12 - HandId: #654223570443960601-88-1459108172 - Holdem no limit (240/1000/2000) - 2016/03/27 19:49:32 UTC
Table: 'LA FIEVRE(152323295)#0280' 6-max (real money) Seat #1 is the button
Seat 1: imLKG4molly (86759)
Seat 2: patalex99 (37682)
Seat 3: manggy94 (55894)
Seat 4: Lick it (59205)
Seat 5: niconik (76880)
Seat 6: .Frezoco. (42586)
*** ANTE/BLINDS ***
patalex99 posts ante 240
manggy94 posts ante 240
imLKG4molly posts ante 240
Lick it posts ante 240
niconik posts ante 240
.Frezoco. posts ante 240
patalex99 posts small blind 1000
manggy94 posts big blind 2000
Dealt to manggy94 [Ac 9h]
*** PRE-FLOP *** 
Lick it folds
niconik folds
.Frezoco. raises 3000 to 5000
imLKG4molly raises 81519 to 86519 and is all-in
patalex99 folds
manggy94 folds
.Frezoco. folds
imLKG4molly collected 95959 from pot
*** SUMMARY ***
Total pot 95959 | No rake
Seat 1: imLKG4molly (button) won 95959


Winamax Poker - Tournament "LA FIEVRE" buyIn: 9€ + 1€ level: 12 - HandId: #654223570443960601-89-1459108209 - Holdem no limit (240/1000/2000) - 2016/03/27 19:50:09 UTC
Table: 'LA FIEVRE(152323295)#0280' 6-max (real money) Seat #2 is the button
Seat 1: imLKG4molly (95959)
Seat 2: patalex99 (36442)
Seat 3: manggy94 (53654)
Seat 4: Lick it (58965)
Seat 5: niconik (76640)
Seat 6: .Frezoco. (37346)
*** ANTE/BLINDS ***
manggy94 posts ante 240
Lick it posts ante 240
imLKG4molly posts ante 240
patalex99 posts ante 240
niconik posts ante 240
.Frezoco. posts ante 240
manggy94 posts small blind 1000
Lick it posts big blind 2000
Dealt to manggy94 [Kc Tc]
*** PRE-FLOP *** 
niconik folds
.Frezoco. folds
imLKG4molly folds
patalex99 raises 4000 to 6000
manggy94 calls 5000
Lick it folds
*** FLOP *** [Ah Jd 5h]
manggy94 bets 2000
patalex99 calls 2000
*** TURN *** [Ah Jd 5h][4c]
manggy94 checks
patalex99 checks
*** RIVER *** [Ah Jd 5h 4c][5s]
manggy94 checks
patalex99 checks
*** SHOW DOWN ***
manggy94 shows [Kc Tc] (One pair : 5)
patalex99 shows [9c 9s] (Two pairs : 9 and 5)
patalex99 collected 19440 from pot
*** SUMMARY ***
Total pot 19440 | No rake
Board: [Ah Jd 5h 4c 5s]
Seat 2: patalex99 (button) showed [9c 9s] and won 19440 with Two pairs : 9 and 5
Seat 3: manggy94 (small blind) showed [Kc Tc] and lost with One pair : 5


Winamax Poker - Tournament "LA FIEVRE" buyIn: 9€ + 1€ level: 12 - HandId: #654223570443960601-90-1459108247 - Holdem no limit (240/1000/2000) - 2016/03/27 19:50:47 UTC
Table: 'LA FIEVRE(152323295)#0280' 6-max (real money) Seat #3 is the button
Seat 1: imLKG4molly (95719)
Seat 2: patalex99 (47642)
Seat 3: manggy94 (45414)
Seat 4: Lick it (56725)
Seat 5: niconik (76400)
Seat 6: .Frezoco. (37106)
*** ANTE/BLINDS ***
Lick it posts ante 240
niconik posts ante 240
imLKG4molly posts ante 240
patalex99 posts ante 240
manggy94 posts ante 240
.Frezoco. posts ante 240
Lick it posts small blind 1000
niconik posts big blind 2000
Dealt to manggy94 [7c 7s]
*** PRE-FLOP *** 
.Frezoco. folds
imLKG4molly folds
patalex99 calls 2000
manggy94 calls 2000
Lick it calls 1000
niconik checks
*** FLOP *** [Jc 2s 4s]
Lick it bets 2000
niconik calls 2000
patalex99 folds
manggy94 calls 2000
*** TURN *** [Jc 2s 4s][Th]
Lick it bets 2000
niconik raises 4000 to 6000
manggy94 folds
Lick it calls 4000
*** RIVER *** [Jc 2s 4s Th][Jh]
Lick it checks
niconik bets 8000
Lick it calls 8000
*** SHOW DOWN ***
Lick it shows [Tc Kc] (Two pairs : Jacks and Tens)
niconik shows [7d Jd] (Trips of Jacks)
niconik collected 43440 from pot
*** SUMMARY ***
Total pot 43440 | No rake
Board: [Jc 2s 4s Th Jh]
Seat 4: Lick it (small blind) showed [Tc Kc] and lost with Two pairs : Jacks and Tens
Seat 5: niconik (big blind) showed [7d Jd] and won 43440 with Trips of Jacks


Winamax Poker - Tournament "LA FIEVRE" buyIn: 9€ + 1€ level: 12 - HandId: #654223570443960601-91-1459108326 - Holdem no limit (240/1000/2000) - 2016/03/27 19:52:06 UTC
Table: 'LA FIEVRE(152323295)#0280' 6-max (real money) Seat #4 is the button
Seat 1: imLKG4molly (95479)
Seat 2: patalex99 (45402)
Seat 3: manggy94 (41174)
Seat 4: Lick it (38485)
Seat 5: niconik (101600)
Seat 6: .Frezoco. (36866)
*** ANTE/BLINDS ***
niconik posts ante 240
.Frezoco. posts ante 240
imLKG4molly posts ante 240
patalex99 posts ante 240
manggy94 posts ante 240
Lick it posts ante 240
niconik posts small blind 1000
.Frezoco. posts big blind 2000
Dealt to manggy94 [8c 8s]
*** PRE-FLOP *** 
imLKG4molly folds
patalex99 raises 3000 to 5000
manggy94 raises 35934 to 40934 and is all-in
Lick it folds
niconik folds
.Frezoco. folds
patalex99 calls 35934
*** FLOP *** [As Ad 2d]
*** TURN *** [As Ad 2d][4h]
*** RIVER *** [As Ad 2d 4h][3s]
*** SHOW DOWN ***
manggy94 shows [8c 8s] (Two pairs : Aces and 8)
patalex99 shows [Ah Kh] (Trips of Aces)
patalex99 collected 86308 from pot
*** SUMMARY ***
Total pot 86308 | No rake
Board: [As Ad 2d 4h 3s]
Seat 2: patalex99 showed [Ah Kh] and won 86308 with Trips of Aces
Seat 3: manggy94 showed [8c 8s] and lost with Two pairs : Aces and 8


