Winamax Poker - Tournament "Hit&Run Ticket 2€" buyIn: 0.45€ + 0.05€ level: 3 - HandId: #689312585668886529-23-1465987520 - Holdem no limit (75/150) - 2016/06/15 10:45:20 UTC
Table: 'Hit&Run Ticket 2€(160493093)#000' 6-max (real money) Seat #5 is the button
Seat 1: manggy94 (9000)
Seat 3: loup39 (5750)
Seat 4: M.Gatling (8375)
Seat 5: JLOUIS70 (12125)
Seat 6: K frine (17775)
*** ANTE/BLINDS ***
K frine posts small blind 75
manggy94 posts big blind 150
Dealt to manggy94 [Qh Ah]
*** PRE-FLOP *** 
loup39 folds
M.Gatling folds
JLOUIS70 folds
K frine folds
manggy94 collected 225 from pot
*** SUMMARY ***
Total pot 225 | No rake
Seat 1: manggy94 (big blind) won 225


Winamax Poker - Tournament "Hit&Run Ticket 2€" buyIn: 0.45€ + 0.05€ level: 3 - HandId: #689312585668886529-24-1465987541 - Holdem no limit (75/150) - 2016/06/15 10:45:41 UTC
Table: 'Hit&Run Ticket 2€(160493093)#000' 6-max (real money) Seat #6 is the button
Seat 1: manggy94 (9075)
Seat 3: loup39 (5750)
Seat 4: M.Gatling (8375)
Seat 5: JLOUIS70 (12125)
Seat 6: K frine (17700)
*** ANTE/BLINDS ***
manggy94 posts small blind 75
loup39 posts big blind 150
Dealt to manggy94 [9d Ah]
*** PRE-FLOP *** 
M.Gatling calls 150
JLOUIS70 calls 150
K frine folds
manggy94 calls 75
loup39 checks
*** FLOP *** [Ts Jc Qs]
manggy94 bets 150
loup39 calls 150
M.Gatling calls 150
JLOUIS70 raises 1275 to 1425
manggy94 calls 1275
loup39 calls 1275
M.Gatling folds
*** TURN *** [Ts Jc Qs][Jh]
manggy94 checks
loup39 checks
JLOUIS70 checks
*** RIVER *** [Ts Jc Qs Jh][9c]
manggy94 checks
loup39 checks
JLOUIS70 bets 1200
manggy94 folds
loup39 folds
JLOUIS70 collected 6225 from pot
*** SUMMARY ***
Total pot 6225 | No rake
Board: [Ts Jc Qs Jh 9c]
Seat 5: JLOUIS70 won 6225


Winamax Poker - Tournament "Hit&Run Ticket 2€" buyIn: 0.45€ + 0.05€ level: 3 - HandId: #689312585668886529-25-1465987663 - Holdem no limit (75/150) - 2016/06/15 10:47:43 UTC
Table: 'Hit&Run Ticket 2€(160493093)#000' 6-max (real money) Seat #1 is the button
Seat 1: manggy94 (7500)
Seat 2: SIR DANDY (9000)
Seat 3: loup39 (4175)
Seat 5: JLOUIS70 (15575)
Seat 6: K frine (17700)
*** ANTE/BLINDS ***
loup39 posts small blind 75
JLOUIS70 posts big blind 150
Dealt to manggy94 [Ts 6c]
*** PRE-FLOP *** 
K frine folds
manggy94 raises 375 to 525
loup39 folds
JLOUIS70 calls 375
*** FLOP *** [8d 9s 7c]
JLOUIS70 checks
manggy94 checks
*** TURN *** [8d 9s 7c][4s]
JLOUIS70 checks
manggy94 checks
*** RIVER *** [8d 9s 7c 4s][6s]
JLOUIS70 checks
manggy94 bets 1125
JLOUIS70 folds
manggy94 collected 2250 from pot
*** SUMMARY ***
Total pot 2250 | No rake
Board: [8d 9s 7c 4s 6s]
Seat 1: manggy94 (button) won 2250


Winamax Poker - Tournament "Hit&Run Ticket 2€" buyIn: 0.45€ + 0.05€ level: 4 - HandId: #689312585668886529-26-1465987744 - Holdem no limit (100/200) - 2016/06/15 10:49:04 UTC
Table: 'Hit&Run Ticket 2€(160493093)#000' 6-max (real money) Seat #3 is the button
Seat 1: manggy94 (8100)
Seat 2: SIR DANDY (9000)
Seat 3: loup39 (4100)
Seat 5: JLOUIS70 (15050)
Seat 6: K frine (17700)
*** ANTE/BLINDS ***
JLOUIS70 posts small blind 100
K frine posts big blind 200
Dealt to manggy94 [3h Qh]
*** PRE-FLOP *** 
manggy94 folds
SIR DANDY folds
loup39 folds
JLOUIS70 calls 100
K frine checks
*** FLOP *** [Kh 6d 4d]
JLOUIS70 bets 400
K frine folds
JLOUIS70 collected 800 from pot
*** SUMMARY ***
Total pot 800 | No rake
Board: [Kh 6d 4d]
Seat 5: JLOUIS70 (small blind) won 800


Winamax Poker - Tournament "Hit&Run Ticket 2€" buyIn: 0.45€ + 0.05€ level: 4 - HandId: #689312585668886529-27-1465987778 - Holdem no limit (100/200) - 2016/06/15 10:49:38 UTC
Table: 'Hit&Run Ticket 2€(160493093)#000' 6-max (real money) Seat #5 is the button
Seat 1: manggy94 (8100)
Seat 2: SIR DANDY (9000)
Seat 3: loup39 (4100)
Seat 5: JLOUIS70 (15250)
Seat 6: K frine (17500)
*** ANTE/BLINDS ***
K frine posts small blind 100
manggy94 posts big blind 200
Dealt to manggy94 [4h Ks]
*** PRE-FLOP *** 
SIR DANDY calls 200
loup39 raises 200 to 400
JLOUIS70 calls 400
K frine calls 300
manggy94 calls 200
SIR DANDY calls 200
*** FLOP *** [Td Th 6s]
K frine checks
manggy94 bets 200
SIR DANDY calls 200
loup39 calls 200
JLOUIS70 calls 200
K frine calls 200
*** TURN *** [Td Th 6s][Jc]
K frine checks
manggy94 checks
SIR DANDY checks
loup39 bets 3500 and is all-in
JLOUIS70 folds
K frine calls 3500
manggy94 folds
SIR DANDY folds
*** RIVER *** [Td Th 6s Jc][6c]
*** SHOW DOWN ***
loup39 shows [Ah Jh] (Two pairs : Jacks and Tens)
K frine shows [9c Ts] (Full of Tens and 6)
K frine collected 10000 from pot
*** SUMMARY ***
Total pot 10000 | No rake
Board: [Td Th 6s Jc 6c]
Seat 3: loup39 showed [Ah Jh] and lost with Two pairs : Jacks and Tens
Seat 6: K frine (small blind) showed [9c Ts] and won 10000 with Full of Tens and 6


Winamax Poker - Tournament "Hit&Run Ticket 2€" buyIn: 0.45€ + 0.05€ level: 4 - HandId: #689312585668886529-28-1465987907 - Holdem no limit (100/200) - 2016/06/15 10:51:47 UTC
Table: 'Hit&Run Ticket 2€(160493093)#000' 6-max (real money) Seat #6 is the button
Seat 1: manggy94 (7500)
Seat 2: SIR DANDY (8400)
Seat 3: Styyve (9000)
Seat 4: tomtomgamer (9000)
Seat 5: JLOUIS70 (14650)
Seat 6: K frine (23400)
*** ANTE/BLINDS ***
manggy94 posts small blind 100
SIR DANDY posts big blind 200
Dealt to manggy94 [5d Kh]
*** PRE-FLOP *** 
Styyve raises 400 to 600
tomtomgamer folds
JLOUIS70 calls 600
K frine calls 600
manggy94 calls 500
SIR DANDY calls 400
*** FLOP *** [Js 2c Jh]
manggy94 checks
SIR DANDY checks
Styyve checks
JLOUIS70 bets 800
K frine calls 800
manggy94 folds
SIR DANDY folds
Styyve calls 800
*** TURN *** [Js 2c Jh][Ac]
Styyve checks
JLOUIS70 checks
K frine checks
*** RIVER *** [Js 2c Jh Ac][Jd]
Styyve bets 2700
JLOUIS70 folds
K frine calls 2700
*** SHOW DOWN ***
K frine shows [3s 3c] (Full of Jacks and 3)
Styyve shows [Ah Jc] (Quads of Jacks)
Styyve collected 10800 from pot
*** SUMMARY ***
Total pot 10800 | No rake
Board: [Js 2c Jh Ac Jd]
Seat 3: Styyve showed [Ah Jc] and won 10800 with Quads of Jacks
Seat 6: K frine (button) showed [3s 3c] and lost with Full of Jacks and 3


Winamax Poker - Tournament "Hit&Run Ticket 2€" buyIn: 0.45€ + 0.05€ level: 4 - HandId: #689312585668886529-29-1465987997 - Holdem no limit (100/200) - 2016/06/15 10:53:17 UTC
Table: 'Hit&Run Ticket 2€(160493093)#000' 6-max (real money) Seat #1 is the button
Seat 1: manggy94 (6900)
Seat 2: SIR DANDY (7800)
Seat 3: Styyve (15700)
Seat 4: tomtomgamer (9000)
Seat 5: JLOUIS70 (13250)
Seat 6: K frine (19300)
*** ANTE/BLINDS ***
SIR DANDY posts small blind 100
Styyve posts big blind 200
Dealt to manggy94 [5d Td]
*** PRE-FLOP *** 
tomtomgamer calls 200
JLOUIS70 folds
K frine raises 300 to 500
manggy94 calls 500
SIR DANDY raises 7300 to 7800 and is all-in
Styyve folds
tomtomgamer folds
K frine folds
manggy94 folds
SIR DANDY collected 9200 from pot
*** SUMMARY ***
Total pot 9200 | No rake
Seat 2: SIR DANDY (small blind) won 9200


Winamax Poker - Tournament "Hit&Run Ticket 2€" buyIn: 0.45€ + 0.05€ level: 4 - HandId: #689312585668886529-30-1465988024 - Holdem no limit (100/200) - 2016/06/15 10:53:44 UTC
Table: 'Hit&Run Ticket 2€(160493093)#000' 6-max (real money) Seat #2 is the button
Seat 1: manggy94 (6400)
Seat 2: SIR DANDY (9200)
Seat 3: Styyve (15500)
Seat 4: tomtomgamer (8800)
Seat 5: JLOUIS70 (13250)
Seat 6: K frine (18800)
*** ANTE/BLINDS ***
Styyve posts small blind 100
tomtomgamer posts big blind 200
Dealt to manggy94 [7d Th]
*** PRE-FLOP *** 
JLOUIS70 folds
K frine folds
manggy94 folds
SIR DANDY folds
Styyve folds
tomtomgamer collected 300 from pot
*** SUMMARY ***
Total pot 300 | No rake
Seat 4: tomtomgamer (big blind) won 300


Winamax Poker - Tournament "Hit&Run Ticket 2€" buyIn: 0.45€ + 0.05€ level: 4 - HandId: #689312585668886529-31-1465988037 - Holdem no limit (100/200) - 2016/06/15 10:53:57 UTC
Table: 'Hit&Run Ticket 2€(160493093)#000' 6-max (real money) Seat #3 is the button
Seat 1: manggy94 (6400)
Seat 2: SIR DANDY (9200)
Seat 3: Styyve (15400)
Seat 4: tomtomgamer (8900)
Seat 5: JLOUIS70 (13250)
Seat 6: K frine (18800)
*** ANTE/BLINDS ***
tomtomgamer posts small blind 100
JLOUIS70 posts big blind 200
Dealt to manggy94 [Ah 3c]
*** PRE-FLOP *** 
K frine folds
manggy94 raises 6200 to 6400 and is all-in
SIR DANDY folds
Styyve folds
tomtomgamer folds
JLOUIS70 folds
manggy94 collected 6700 from pot
*** SUMMARY ***
Total pot 6700 | No rake
Seat 1: manggy94 won 6700


Winamax Poker - Tournament "Hit&Run Ticket 2€" buyIn: 0.45€ + 0.05€ level: 5 - HandId: #689312585668886529-32-1465988053 - Holdem no limit (150/300) - 2016/06/15 10:54:13 UTC
Table: 'Hit&Run Ticket 2€(160493093)#000' 6-max (real money) Seat #4 is the button
Seat 1: manggy94 (6700)
Seat 2: SIR DANDY (9200)
Seat 3: Styyve (15400)
Seat 4: tomtomgamer (8800)
Seat 5: JLOUIS70 (13050)
Seat 6: K frine (18800)
*** ANTE/BLINDS ***
JLOUIS70 posts small blind 150
K frine posts big blind 300
Dealt to manggy94 [8h Kh]
*** PRE-FLOP *** 
manggy94 calls 300
SIR DANDY folds
Styyve calls 300
tomtomgamer calls 300
JLOUIS70 calls 150
K frine checks
*** FLOP *** [Ts 6c 5s]
JLOUIS70 checks
K frine bets 300
manggy94 folds
Styyve calls 300
tomtomgamer folds
JLOUIS70 calls 300
*** TURN *** [Ts 6c 5s][8d]
JLOUIS70 checks
K frine checks
Styyve checks
*** RIVER *** [Ts 6c 5s 8d][6h]
JLOUIS70 checks
K frine bets 1050
Styyve folds
JLOUIS70 folds
K frine collected 3450 from pot
*** SUMMARY ***
Total pot 3450 | No rake
Board: [Ts 6c 5s 8d 6h]
Seat 6: K frine (big blind) won 3450


Winamax Poker - Tournament "Hit&Run Ticket 2€" buyIn: 0.45€ + 0.05€ level: 5 - HandId: #689312585668886529-33-1465988402 - Holdem no limit (150/300) - 2016/06/15 11:00:02 UTC
Table: 'Hit&Run Ticket 2€(160493093)#000' 6-max (real money) Seat #5 is the button
Seat 1: manggy94 (6400)
Seat 2: SIR DANDY (9200)
Seat 3: Styyve (14800)
Seat 4: tomtomgamer (8500)
Seat 5: JLOUIS70 (12450)
Seat 6: K frine (20600)
*** ANTE/BLINDS ***
K frine posts small blind 150
manggy94 posts big blind 300
Dealt to manggy94 [Ks Ad]
*** PRE-FLOP *** 
SIR DANDY raises 300 to 600
Styyve folds
tomtomgamer folds
JLOUIS70 folds
K frine calls 450
manggy94 raises 5800 to 6400 and is all-in
SIR DANDY raises 2800 to 9200 and is all-in
K frine folds
*** FLOP *** [5d 7c 9d]
*** TURN *** [5d 7c 9d][Kd]
*** RIVER *** [5d 7c 9d Kd][4c]
*** SHOW DOWN ***
manggy94 shows [Ks Ad] (One pair : Kings)
SIR DANDY shows [9s Ah] (One pair : 9)
SIR DANDY collected 2800 from side pot 1
manggy94 collected 13400 from main pot
*** SUMMARY ***
Total pot 16200 | No rake
Board: [5d 7c 9d Kd 4c]
Seat 1: manggy94 (big blind) showed [Ks Ad] and won 13400 with One pair : Kings
Seat 2: SIR DANDY showed [9s Ah] and won 2800 with One pair : 9


Winamax Poker - Tournament "Hit&Run Ticket 2€" buyIn: 0.45€ + 0.05€ level: 5 - HandId: #689312585668886529-34-1465988463 - Holdem no limit (150/300) - 2016/06/15 11:01:03 UTC
Table: 'Hit&Run Ticket 2€(160493093)#000' 6-max (real money) Seat #6 is the button
Seat 1: manggy94 (13400)
Seat 2: SIR DANDY (2800)
Seat 3: Styyve (14800)
Seat 4: tomtomgamer (8500)
Seat 5: JLOUIS70 (12450)
Seat 6: K frine (20000)
*** ANTE/BLINDS ***
manggy94 posts small blind 150
SIR DANDY posts big blind 300
Dealt to manggy94 [9d 7s]
*** PRE-FLOP *** 
Styyve folds
tomtomgamer folds
JLOUIS70 folds
K frine folds
manggy94 raises 300 to 600
SIR DANDY raises 2200 to 2800 and is all-in
manggy94 folds
SIR DANDY collected 3400 from pot
*** SUMMARY ***
Total pot 3400 | No rake
Seat 2: SIR DANDY (big blind) won 3400


Winamax Poker - Tournament "Hit&Run Ticket 2€" buyIn: 0.45€ + 0.05€ level: 5 - HandId: #689312585668886529-35-1465988490 - Holdem no limit (150/300) - 2016/06/15 11:01:30 UTC
Table: 'Hit&Run Ticket 2€(160493093)#000' 6-max (real money) Seat #1 is the button
Seat 1: manggy94 (12800)
Seat 2: SIR DANDY (3400)
Seat 3: Styyve (14800)
Seat 4: tomtomgamer (8500)
Seat 5: JLOUIS70 (12450)
Seat 6: K frine (20000)
*** ANTE/BLINDS ***
SIR DANDY posts small blind 150
Styyve posts big blind 300
Dealt to manggy94 [4c 6c]
*** PRE-FLOP *** 
tomtomgamer raises 8200 to 8500 and is all-in
JLOUIS70 folds
K frine folds
manggy94 folds
SIR DANDY folds
Styyve folds
tomtomgamer collected 8950 from pot
*** SUMMARY ***
Total pot 8950 | No rake
Seat 4: tomtomgamer won 8950


Winamax Poker - Tournament "Hit&Run Ticket 2€" buyIn: 0.45€ + 0.05€ level: 5 - HandId: #689312585668886529-36-1465988505 - Holdem no limit (150/300) - 2016/06/15 11:01:45 UTC
Table: 'Hit&Run Ticket 2€(160493093)#000' 6-max (real money) Seat #2 is the button
Seat 1: manggy94 (12800)
Seat 2: SIR DANDY (3250)
Seat 3: Styyve (14500)
Seat 4: tomtomgamer (8950)
Seat 5: JLOUIS70 (12450)
Seat 6: K frine (20000)
*** ANTE/BLINDS ***
Styyve posts small blind 150
tomtomgamer posts big blind 300
Dealt to manggy94 [Qd 9h]
*** PRE-FLOP *** 
JLOUIS70 folds
K frine raises 600 to 900
manggy94 folds
SIR DANDY folds
Styyve folds
tomtomgamer calls 600
*** FLOP *** [2d 4c Qc]
tomtomgamer checks
K frine bets 1300
tomtomgamer raises 6750 to 8050 and is all-in
K frine folds
tomtomgamer collected 11300 from pot
*** SUMMARY ***
Total pot 11300 | No rake
Board: [2d 4c Qc]
Seat 4: tomtomgamer (big blind) won 11300


Winamax Poker - Tournament "Hit&Run Ticket 2€" buyIn: 0.45€ + 0.05€ level: 5 - HandId: #689312585668886529-37-1465988529 - Holdem no limit (150/300) - 2016/06/15 11:02:09 UTC
Table: 'Hit&Run Ticket 2€(160493093)#000' 6-max (real money) Seat #3 is the button
Seat 1: manggy94 (12800)
Seat 2: SIR DANDY (3250)
Seat 3: Styyve (14350)
Seat 4: tomtomgamer (11300)
Seat 5: JLOUIS70 (12450)
Seat 6: K frine (17800)
*** ANTE/BLINDS ***
tomtomgamer posts small blind 150
JLOUIS70 posts big blind 300
Dealt to manggy94 [Qh As]
*** PRE-FLOP *** 
K frine raises 600 to 900
manggy94 raises 11900 to 12800 and is all-in
SIR DANDY folds
Styyve folds
tomtomgamer folds
JLOUIS70 folds
K frine calls 11900
*** FLOP *** [Ac Jh 5s]
*** TURN *** [Ac Jh 5s][5h]
*** RIVER *** [Ac Jh 5s 5h][9c]
*** SHOW DOWN ***
K frine shows [8c 8s] (Two pairs : 8 and 5)
manggy94 shows [Qh As] (Two pairs : Aces and 5)
manggy94 collected 26050 from pot
*** SUMMARY ***
Total pot 26050 | No rake
Board: [Ac Jh 5s 5h 9c]
Seat 1: manggy94 showed [Qh As] and won 26050 with Two pairs : Aces and 5
Seat 6: K frine showed [8c 8s] and lost with Two pairs : 8 and 5


Winamax Poker - Tournament "Hit&Run Ticket 2€" buyIn: 0.45€ + 0.05€ level: 5 - HandId: #689312585668886529-38-1465988560 - Holdem no limit (150/300) - 2016/06/15 11:02:40 UTC
Table: 'Hit&Run Ticket 2€(160493093)#000' 6-max (real money) Seat #4 is the button
Seat 1: manggy94 (26050)
Seat 2: SIR DANDY (3250)
Seat 3: Styyve (14350)
Seat 4: tomtomgamer (11150)
Seat 5: JLOUIS70 (12150)
Seat 6: K frine (5000)
*** ANTE/BLINDS ***
JLOUIS70 posts small blind 150
K frine posts big blind 300
Dealt to manggy94 [7c Td]
*** PRE-FLOP *** 
manggy94 folds
SIR DANDY folds
Styyve folds
tomtomgamer folds
JLOUIS70 folds
K frine collected 450 from pot
*** SUMMARY ***
Total pot 450 | No rake
Seat 6: K frine (big blind) won 450


Winamax Poker - Tournament "Hit&Run Ticket 2€" buyIn: 0.45€ + 0.05€ level: 5 - HandId: #689312585668886529-39-1465988573 - Holdem no limit (150/300) - 2016/06/15 11:02:53 UTC
Table: 'Hit&Run Ticket 2€(160493093)#000' 6-max (real money) Seat #5 is the button
Seat 1: manggy94 (26050)
Seat 2: SIR DANDY (3250)
Seat 3: Styyve (14350)
Seat 4: tomtomgamer (11150)
Seat 5: JLOUIS70 (12000)
Seat 6: K frine (5150)
*** ANTE/BLINDS ***
K frine posts small blind 150
manggy94 posts big blind 300
Dealt to manggy94 [4d 6d]
*** PRE-FLOP *** 
SIR DANDY calls 300
Styyve folds
tomtomgamer folds
JLOUIS70 raises 300 to 600
K frine calls 450
manggy94 calls 300
SIR DANDY raises 2650 to 3250 and is all-in
JLOUIS70 calls 2650
K frine folds
manggy94 folds
*** FLOP *** [Td 4h As]
*** TURN *** [Td 4h As][Kc]
*** RIVER *** [Td 4h As Kc][5c]
*** SHOW DOWN ***
JLOUIS70 shows [Ac Jh] (One pair : Aces)
SIR DANDY shows [Ks Ad] (Two pairs : Aces and Kings)
SIR DANDY collected 7700 from pot
*** SUMMARY ***
Total pot 7700 | No rake
Board: [Td 4h As Kc 5c]
Seat 2: SIR DANDY showed [Ks Ad] and won 7700 with Two pairs : Aces and Kings
Seat 5: JLOUIS70 (button) showed [Ac Jh] and lost with One pair : Aces


Winamax Poker - Tournament "Hit&Run Ticket 2€" buyIn: 0.45€ + 0.05€ level: 5 - HandId: #689312585668886529-40-1465988611 - Holdem no limit (150/300) - 2016/06/15 11:03:31 UTC
Table: 'Hit&Run Ticket 2€(160493093)#000' 6-max (real money) Seat #6 is the button
Seat 1: manggy94 (25450)
Seat 2: SIR DANDY (7700)
Seat 3: Styyve (14350)
Seat 4: tomtomgamer (11150)
Seat 5: JLOUIS70 (8750)
Seat 6: K frine (4550)
*** ANTE/BLINDS ***
manggy94 posts small blind 150
SIR DANDY posts big blind 300
Dealt to manggy94 [Qc 8s]
*** PRE-FLOP *** 
Styyve folds
tomtomgamer folds
JLOUIS70 calls 300
K frine folds
manggy94 calls 150
SIR DANDY checks
*** FLOP *** [6h 9d 6c]
manggy94 bets 300
SIR DANDY raises 300 to 600
JLOUIS70 folds
manggy94 calls 300
*** TURN *** [6h 9d 6c][8d]
manggy94 bets 300
SIR DANDY raises 300 to 600
manggy94 calls 300
*** RIVER *** [6h 9d 6c 8d][8h]
manggy94 bets 7200
SIR DANDY folds
manggy94 collected 10500 from pot
*** SUMMARY ***
Total pot 10500 | No rake
Board: [6h 9d 6c 8d 8h]
Seat 1: manggy94 (small blind) won 10500


Winamax Poker - Tournament "Hit&Run Ticket 2€" buyIn: 0.45€ + 0.05€ level: 5 - HandId: #689312585668886529-41-1465988657 - Holdem no limit (150/300) - 2016/06/15 11:04:17 UTC
Table: 'Hit&Run Ticket 2€(160493093)#000' 6-max (real money) Seat #1 is the button
Seat 1: manggy94 (27250)
Seat 2: SIR DANDY (6200)
Seat 3: Styyve (14350)
Seat 4: tomtomgamer (11150)
Seat 5: JLOUIS70 (8450)
Seat 6: K frine (4550)
*** ANTE/BLINDS ***
SIR DANDY posts small blind 150
Styyve posts big blind 300
Dealt to manggy94 [9h 5h]
*** PRE-FLOP *** 
tomtomgamer folds
JLOUIS70 raises 600 to 900
K frine folds
manggy94 calls 900
SIR DANDY calls 750
Styyve calls 600
*** FLOP *** [6s Kh Tc]
SIR DANDY checks
Styyve checks
JLOUIS70 bets 1200
manggy94 folds
SIR DANDY calls 1200
Styyve calls 1200
*** TURN *** [6s Kh Tc][2d]
SIR DANDY checks
Styyve checks
JLOUIS70 checks
*** RIVER *** [6s Kh Tc 2d][4d]
SIR DANDY bets 300
Styyve calls 300
JLOUIS70 calls 300
*** SHOW DOWN ***
SIR DANDY shows [Qs Td] (One pair : Tens)
JLOUIS70 shows [As Ts] (One pair : Tens)
Styyve shows [Kc 8d] (One pair : Kings)
Styyve collected 8100 from pot
*** SUMMARY ***
Total pot 8100 | No rake
Board: [6s Kh Tc 2d 4d]
Seat 2: SIR DANDY (small blind) showed [Qs Td] and lost with One pair : Tens
Seat 3: Styyve (big blind) showed [Kc 8d] and won 8100 with One pair : Kings
Seat 5: JLOUIS70 showed [As Ts] and lost with One pair : Tens


Winamax Poker - Tournament "Hit&Run Ticket 2€" buyIn: 0.45€ + 0.05€ level: 6 - HandId: #689312585668886529-42-1465988703 - Holdem no limit (25/150/300) - 2016/06/15 11:05:03 UTC
Table: 'Hit&Run Ticket 2€(160493093)#000' 6-max (real money) Seat #2 is the button
Seat 1: manggy94 (26350)
Seat 2: SIR DANDY (3800)
Seat 3: Styyve (20050)
Seat 4: tomtomgamer (11150)
Seat 5: JLOUIS70 (6050)
Seat 6: K frine (4550)
*** ANTE/BLINDS ***
Styyve posts ante 25
tomtomgamer posts ante 25
manggy94 posts ante 25
SIR DANDY posts ante 25
JLOUIS70 posts ante 25
K frine posts ante 25
Styyve posts small blind 150
tomtomgamer posts big blind 300
Dealt to manggy94 [6h 3d]
*** PRE-FLOP *** 
JLOUIS70 calls 300
K frine calls 300
manggy94 folds
SIR DANDY raises 3475 to 3775 and is all-in
Styyve folds
tomtomgamer folds
JLOUIS70 folds
K frine folds
SIR DANDY collected 4975 from pot
*** SUMMARY ***
Total pot 4975 | No rake
Seat 2: SIR DANDY (button) won 4975


Winamax Poker - Tournament "Hit&Run Ticket 2€" buyIn: 0.45€ + 0.05€ level: 6 - HandId: #689312585668886529-43-1465988725 - Holdem no limit (25/150/300) - 2016/06/15 11:05:25 UTC
Table: 'Hit&Run Ticket 2€(160493093)#000' 6-max (real money) Seat #3 is the button
Seat 1: manggy94 (26325)
Seat 2: SIR DANDY (4975)
Seat 3: Styyve (19875)
Seat 4: tomtomgamer (10825)
Seat 5: JLOUIS70 (5725)
Seat 6: K frine (4225)
*** ANTE/BLINDS ***
tomtomgamer posts ante 25
JLOUIS70 posts ante 25
manggy94 posts ante 25
SIR DANDY posts ante 25
Styyve posts ante 25
K frine posts ante 25
tomtomgamer posts small blind 150
JLOUIS70 posts big blind 300
Dealt to manggy94 [2d As]
*** PRE-FLOP *** 
K frine folds
manggy94 calls 300
SIR DANDY folds
Styyve raises 600 to 900
tomtomgamer calls 750
JLOUIS70 folds
manggy94 calls 600
*** FLOP *** [9c 4c 3h]
tomtomgamer checks
manggy94 bets 1575
Styyve folds
tomtomgamer folds
manggy94 collected 4725 from pot
*** SUMMARY ***
Total pot 4725 | No rake
Board: [9c 4c 3h]
Seat 1: manggy94 won 4725


Winamax Poker - Tournament "Hit&Run Ticket 2€" buyIn: 0.45€ + 0.05€ level: 6 - HandId: #689312585668886529-44-1465988769 - Holdem no limit (25/150/300) - 2016/06/15 11:06:09 UTC
Table: 'Hit&Run Ticket 2€(160493093)#000' 6-max (real money) Seat #4 is the button
Seat 1: manggy94 (28550)
Seat 2: SIR DANDY (4950)
Seat 3: Styyve (18950)
Seat 4: tomtomgamer (9900)
Seat 5: JLOUIS70 (5400)
Seat 6: K frine (4200)
*** ANTE/BLINDS ***
JLOUIS70 posts ante 25
K frine posts ante 25
manggy94 posts ante 25
SIR DANDY posts ante 25
Styyve posts ante 25
tomtomgamer posts ante 25
JLOUIS70 posts small blind 150
K frine posts big blind 300
Dealt to manggy94 [Td 7s]
*** PRE-FLOP *** 
manggy94 folds
SIR DANDY calls 300
Styyve folds
tomtomgamer calls 300
JLOUIS70 folds
K frine checks
*** FLOP *** [3s Jh 9h]
K frine checks
SIR DANDY checks
tomtomgamer checks
*** TURN *** [3s Jh 9h][Ts]
K frine checks
SIR DANDY checks
tomtomgamer bets 300
K frine folds
SIR DANDY calls 300
*** RIVER *** [3s Jh 9h Ts][6s]
SIR DANDY checks
tomtomgamer bets 1800
SIR DANDY folds
tomtomgamer collected 3600 from pot
*** SUMMARY ***
Total pot 3600 | No rake
Board: [3s Jh 9h Ts 6s]
Seat 4: tomtomgamer (button) won 3600


Winamax Poker - Tournament "Hit&Run Ticket 2€" buyIn: 0.45€ + 0.05€ level: 6 - HandId: #689312585668886529-45-1465988809 - Holdem no limit (25/150/300) - 2016/06/15 11:06:49 UTC
Table: 'Hit&Run Ticket 2€(160493093)#000' 6-max (real money) Seat #5 is the button
Seat 1: manggy94 (28525)
Seat 2: SIR DANDY (4325)
Seat 3: Styyve (18925)
Seat 4: tomtomgamer (11075)
Seat 5: JLOUIS70 (5225)
Seat 6: K frine (3875)
*** ANTE/BLINDS ***
K frine posts ante 25
manggy94 posts ante 25
SIR DANDY posts ante 25
Styyve posts ante 25
tomtomgamer posts ante 25
JLOUIS70 posts ante 25
K frine posts small blind 150
manggy94 posts big blind 300
Dealt to manggy94 [8s 9c]
*** PRE-FLOP *** 
SIR DANDY folds
Styyve folds
tomtomgamer raises 600 to 900
JLOUIS70 folds
K frine folds
manggy94 calls 600
*** FLOP *** [3h Qc Tc]
manggy94 checks
tomtomgamer bets 1400
manggy94 folds
tomtomgamer collected 3500 from pot
*** SUMMARY ***
Total pot 3500 | No rake
Board: [3h Qc Tc]
Seat 4: tomtomgamer won 3500


Winamax Poker - Tournament "Hit&Run Ticket 2€" buyIn: 0.45€ + 0.05€ level: 6 - HandId: #689312585668886529-46-1465988832 - Holdem no limit (25/150/300) - 2016/06/15 11:07:12 UTC
Table: 'Hit&Run Ticket 2€(160493093)#000' 6-max (real money) Seat #6 is the button
Seat 1: manggy94 (27600)
Seat 2: SIR DANDY (4300)
Seat 3: Styyve (18900)
Seat 4: tomtomgamer (12250)
Seat 5: JLOUIS70 (5200)
Seat 6: K frine (3700)
*** ANTE/BLINDS ***
manggy94 posts ante 25
SIR DANDY posts ante 25
Styyve posts ante 25
tomtomgamer posts ante 25
JLOUIS70 posts ante 25
K frine posts ante 25
manggy94 posts small blind 150
SIR DANDY posts big blind 300
Dealt to manggy94 [Td 2d]
*** PRE-FLOP *** 
Styyve folds
tomtomgamer folds
JLOUIS70 calls 300
K frine folds
manggy94 calls 150
SIR DANDY raises 3975 to 4275 and is all-in
JLOUIS70 calls 3975
manggy94 folds
*** FLOP *** [Ts 4d 9c]
*** TURN *** [Ts 4d 9c][7c]
*** RIVER *** [Ts 4d 9c 7c][6h]
*** SHOW DOWN ***
JLOUIS70 shows [Qc Jc] (High card : Queen)
SIR DANDY shows [As Js] (High card : Ace)
SIR DANDY collected 9000 from pot
*** SUMMARY ***
Total pot 9000 | No rake
Board: [Ts 4d 9c 7c 6h]
Seat 2: SIR DANDY (big blind) showed [As Js] and won 9000 with High card : Ace
Seat 5: JLOUIS70 showed [Qc Jc] and lost with High card : Queen


Winamax Poker - Tournament "Hit&Run Ticket 2€" buyIn: 0.45€ + 0.05€ level: 6 - HandId: #689312585668886529-47-1465988879 - Holdem no limit (25/150/300) - 2016/06/15 11:07:59 UTC
Table: 'Hit&Run Ticket 2€(160493093)#000' 6-max (real money) Seat #1 is the button
Seat 1: manggy94 (27275)
Seat 2: SIR DANDY (9000)
Seat 3: Styyve (18875)
Seat 4: tomtomgamer (12225)
Seat 5: JLOUIS70 (900)
Seat 6: K frine (3675)
*** ANTE/BLINDS ***
SIR DANDY posts ante 25
Styyve posts ante 25
manggy94 posts ante 25
tomtomgamer posts ante 25
JLOUIS70 posts ante 25
K frine posts ante 25
SIR DANDY posts small blind 150
Styyve posts big blind 300
Dealt to manggy94 [7h 2h]
*** PRE-FLOP *** 
tomtomgamer folds
JLOUIS70 folds
K frine folds
manggy94 raises 300 to 600
SIR DANDY calls 450
Styyve raises 450 to 1050
manggy94 calls 450
SIR DANDY calls 450
*** FLOP *** [4d 4s Qd]
SIR DANDY checks
Styyve bets 900
manggy94 folds
SIR DANDY folds
Styyve collected 4200 from pot
*** SUMMARY ***
Total pot 4200 | No rake
Board: [4d 4s Qd]
Seat 3: Styyve (big blind) won 4200


Winamax Poker - Tournament "Hit&Run Ticket 2€" buyIn: 0.45€ + 0.05€ level: 6 - HandId: #689312585668886529-48-1465988912 - Holdem no limit (25/150/300) - 2016/06/15 11:08:32 UTC
Table: 'Hit&Run Ticket 2€(160493093)#000' 6-max (real money) Seat #2 is the button
Seat 1: manggy94 (26200)
Seat 2: SIR DANDY (7925)
Seat 3: Styyve (21100)
Seat 4: tomtomgamer (12200)
Seat 5: JLOUIS70 (875)
Seat 6: K frine (3650)
*** ANTE/BLINDS ***
Styyve posts ante 25
tomtomgamer posts ante 25
manggy94 posts ante 25
SIR DANDY posts ante 25
JLOUIS70 posts ante 25
K frine posts ante 25
Styyve posts small blind 150
tomtomgamer posts big blind 300
Dealt to manggy94 [4s Ah]
*** PRE-FLOP *** 
JLOUIS70 raises 550 to 850 and is all-in
K frine folds
manggy94 calls 850
SIR DANDY raises 7050 to 7900 and is all-in
Styyve folds
tomtomgamer folds
manggy94 calls 7050
*** FLOP *** [6d Ts 6c]
*** TURN *** [6d Ts 6c][Qc]
*** RIVER *** [6d Ts 6c Qc][2c]
*** SHOW DOWN ***
manggy94 shows [4s Ah] (One pair : 6)
JLOUIS70 shows [Ks Js] (One pair : 6)
SIR DANDY shows [Jh As] (One pair : 6)
SIR DANDY collected 17250 from pot
*** SUMMARY ***
Total pot 17250 | No rake
Board: [6d Ts 6c Qc 2c]
Seat 1: manggy94 showed [4s Ah] and lost with One pair : 6
Seat 2: SIR DANDY (button) showed [Jh As] and won 17250 with One pair : 6
Seat 5: JLOUIS70 showed [Ks Js] and lost with One pair : 6


Winamax Poker - Tournament "Hit&Run Ticket 2€" buyIn: 0.45€ + 0.05€ level: 6 - HandId: #689312585668886529-49-1465988944 - Holdem no limit (25/150/300) - 2016/06/15 11:09:04 UTC
Table: 'Hit&Run Ticket 2€(160493093)#000' 6-max (real money) Seat #3 is the button
Seat 1: manggy94 (18275)
Seat 2: SIR DANDY (17250)
Seat 3: Styyve (20925)
Seat 4: tomtomgamer (11875)
Seat 6: K frine (3625)
*** ANTE/BLINDS ***
tomtomgamer posts ante 25
K frine posts ante 25
manggy94 posts ante 25
SIR DANDY posts ante 25
Styyve posts ante 25
tomtomgamer posts small blind 150
K frine posts big blind 300
Dealt to manggy94 [4h Td]
*** PRE-FLOP *** 
manggy94 folds
SIR DANDY calls 300
Styyve folds
tomtomgamer calls 150
K frine checks
*** FLOP *** [8c Kh 7h]
tomtomgamer bets 11550 and is all-in
K frine calls 3300 and is all-in
SIR DANDY calls 11550
*** TURN *** [8c Kh 7h][Jd]
*** RIVER *** [8c Kh 7h Jd][2h]
*** SHOW DOWN ***
tomtomgamer shows [Ks 5c] (One pair : Kings)
K frine shows [Jc 9c] (One pair : Jacks)
SIR DANDY shows [9d Kd] (One pair : Kings)
SIR DANDY collected 27425 from pot
*** SUMMARY ***
Total pot 27425 | No rake
Board: [8c Kh 7h Jd 2h]
Seat 2: SIR DANDY showed [9d Kd] and won 27425 with One pair : Kings
Seat 4: tomtomgamer (small blind) showed [Ks 5c] and lost with One pair : Kings
Seat 6: K frine (big blind) showed [Jc 9c] and lost with One pair : Jacks


Winamax Poker - Tournament "Hit&Run Ticket 2€" buyIn: 0.45€ + 0.05€ level: 6 - HandId: #689312585668886529-50-1465988971 - Holdem no limit (25/150/300) - 2016/06/15 11:09:31 UTC
Table: 'Hit&Run Ticket 2€(160493093)#000' 6-max (real money) Seat #4 is the button
Seat 1: manggy94 (18250)
Seat 2: SIR DANDY (32800)
Seat 3: Styyve (20900)
*** ANTE/BLINDS ***
manggy94 posts ante 25
SIR DANDY posts ante 25
Styyve posts ante 25
manggy94 posts big blind 300
Dealt to manggy94 [7h 8c]
*** PRE-FLOP *** 
SIR DANDY folds
Styyve calls 300
manggy94 checks
*** FLOP *** [Ac 2c Tc]
manggy94 bets 675
Styyve folds
manggy94 collected 1350 from pot
*** SUMMARY ***
Total pot 1350 | No rake
Board: [Ac 2c Tc]
Seat 1: manggy94 (big blind) won 1350


Winamax Poker - Tournament "Hit&Run Ticket 2€" buyIn: 0.45€ + 0.05€ level: 6 - HandId: #689312585668886529-51-1465988984 - Holdem no limit (25/150/300) - 2016/06/15 11:09:44 UTC
Table: 'Hit&Run Ticket 2€(160493093)#000' 6-max (real money) Seat #6 is the button
Seat 1: manggy94 (18600)
Seat 2: SIR DANDY (32775)
Seat 3: Styyve (20575)
*** ANTE/BLINDS ***
manggy94 posts ante 25
SIR DANDY posts ante 25
Styyve posts ante 25
manggy94 posts small blind 150
SIR DANDY posts big blind 300
Dealt to manggy94 [Kh Th]
*** PRE-FLOP *** 
Styyve folds
manggy94 raises 675 to 975
SIR DANDY folds
manggy94 collected 1350 from pot
*** SUMMARY ***
Total pot 1350 | No rake
Seat 1: manggy94 (small blind) won 1350


Winamax Poker - Tournament "Hit&Run Ticket 2€" buyIn: 0.45€ + 0.05€ level: 6 - HandId: #689312585668886529-52-1465988996 - Holdem no limit (25/150/300) - 2016/06/15 11:09:56 UTC
Table: 'Hit&Run Ticket 2€(160493093)#000' 6-max (real money) Seat #1 is the button
Seat 1: manggy94 (18950)
Seat 2: SIR DANDY (32450)
Seat 3: Styyve (20550)
*** ANTE/BLINDS ***
SIR DANDY posts ante 25
Styyve posts ante 25
manggy94 posts ante 25
SIR DANDY posts small blind 150
Styyve posts big blind 300
Dealt to manggy94 [3s Jc]
*** PRE-FLOP *** 
manggy94 folds
SIR DANDY calls 150
Styyve checks
*** FLOP *** [7h 7c 3c]
SIR DANDY checks
Styyve checks
*** TURN *** [7h 7c 3c][Jd]
SIR DANDY checks
Styyve checks
*** RIVER *** [7h 7c 3c Jd][4s]
SIR DANDY checks
Styyve bets 450
SIR DANDY folds
Styyve collected 1125 from pot
*** SUMMARY ***
Total pot 1125 | No rake
Board: [7h 7c 3c Jd 4s]
Seat 3: Styyve (big blind) won 1125


Winamax Poker - Tournament "Hit&Run Ticket 2€" buyIn: 0.45€ + 0.05€ level: 6 - HandId: #689312585668886529-53-1465989019 - Holdem no limit (25/150/300) - 2016/06/15 11:10:19 UTC
Table: 'Hit&Run Ticket 2€(160493093)#000' 6-max (real money) Seat #2 is the button
Seat 1: manggy94 (18925)
Seat 2: SIR DANDY (32125)
Seat 3: Styyve (20900)
*** ANTE/BLINDS ***
Styyve posts ante 25
manggy94 posts ante 25
SIR DANDY posts ante 25
Styyve posts small blind 150
manggy94 posts big blind 300
Dealt to manggy94 [7c 5h]
*** PRE-FLOP *** 
SIR DANDY folds
Styyve folds
manggy94 collected 525 from pot
*** SUMMARY ***
Total pot 525 | No rake
Seat 1: manggy94 (big blind) won 525


Winamax Poker - Tournament "Hit&Run Ticket 2€" buyIn: 0.45€ + 0.05€ level: 6 - HandId: #689312585668886529-54-1465989026 - Holdem no limit (25/150/300) - 2016/06/15 11:10:26 UTC
Table: 'Hit&Run Ticket 2€(160493093)#000' 6-max (real money) Seat #3 is the button
Seat 1: manggy94 (19125)
Seat 2: SIR DANDY (32100)
Seat 3: Styyve (20725)
*** ANTE/BLINDS ***
manggy94 posts ante 25
SIR DANDY posts ante 25
Styyve posts ante 25
manggy94 posts small blind 150
SIR DANDY posts big blind 300
Dealt to manggy94 [4h 2d]
*** PRE-FLOP *** 
Styyve folds
manggy94 raises 300 to 600
SIR DANDY calls 300
*** FLOP *** [7s 7h Jc]
manggy94 bets 638
SIR DANDY folds
manggy94 collected 1913 from pot
*** SUMMARY ***
Total pot 1913 | No rake
Board: [7s 7h Jc]
Seat 1: manggy94 (small blind) won 1913


Winamax Poker - Tournament "Hit&Run Ticket 2€" buyIn: 0.45€ + 0.05€ level: 6 - HandId: #689312585668886529-55-1465989040 - Holdem no limit (25/150/300) - 2016/06/15 11:10:40 UTC
Table: 'Hit&Run Ticket 2€(160493093)#000' 6-max (real money) Seat #1 is the button
Seat 1: manggy94 (19775)
Seat 2: SIR DANDY (31475)
Seat 3: Styyve (20700)
*** ANTE/BLINDS ***
SIR DANDY posts ante 25
Styyve posts ante 25
manggy94 posts ante 25
SIR DANDY posts small blind 150
Styyve posts big blind 300
Dealt to manggy94 [9d 9h]
*** PRE-FLOP *** 
manggy94 raises 825 to 1125
SIR DANDY folds
Styyve calls 825
*** FLOP *** [8h 2c Kh]
Styyve checks
manggy94 bets 1238
Styyve calls 1238
*** TURN *** [8h 2c Kh][4h]
Styyve checks
manggy94 checks
*** RIVER *** [8h 2c Kh 4h][Ad]
Styyve bets 2476
manggy94 folds
Styyve collected 7427 from pot
*** SUMMARY ***
Total pot 7427 | No rake
Board: [8h 2c Kh 4h Ad]
Seat 3: Styyve (big blind) won 7427


Winamax Poker - Tournament "Hit&Run Ticket 2€" buyIn: 0.45€ + 0.05€ level: 7 - HandId: #689312585668886529-56-1465989110 - Holdem no limit (30/200/400) - 2016/06/15 11:11:50 UTC
Table: 'Hit&Run Ticket 2€(160493093)#000' 6-max (real money) Seat #2 is the button
Seat 1: manggy94 (17756)
Seat 2: SIR DANDY (31669)
Seat 3: Styyve (23632)
*** ANTE/BLINDS ***
Styyve posts ante 30
manggy94 posts ante 30
SIR DANDY posts ante 30
Styyve posts small blind 200
manggy94 posts big blind 400
Dealt to manggy94 [7s 6s]
*** PRE-FLOP *** 
SIR DANDY folds
Styyve folds
manggy94 collected 690 from pot
*** SUMMARY ***
Total pot 690 | No rake
Seat 1: manggy94 (big blind) won 690


Winamax Poker - Tournament "Hit&Run Ticket 2€" buyIn: 0.45€ + 0.05€ level: 7 - HandId: #689312585668886529-57-1465989116 - Holdem no limit (30/200/400) - 2016/06/15 11:11:56 UTC
Table: 'Hit&Run Ticket 2€(160493093)#000' 6-max (real money) Seat #3 is the button
Seat 1: manggy94 (18016)
Seat 2: SIR DANDY (31639)
Seat 3: Styyve (23402)
*** ANTE/BLINDS ***
manggy94 posts ante 30
SIR DANDY posts ante 30
Styyve posts ante 30
manggy94 posts small blind 200
SIR DANDY posts big blind 400
Dealt to manggy94 [3h Kc]
*** PRE-FLOP *** 
Styyve folds
manggy94 calls 200
SIR DANDY checks
*** FLOP *** [6s Ks Jd]
manggy94 bets 890
SIR DANDY calls 890
*** TURN *** [6s Ks Jd][Qs]
manggy94 bets 2670
SIR DANDY raises 2670 to 5340
manggy94 calls 2670
*** RIVER *** [6s Ks Jd Qs][8s]
manggy94 checks
SIR DANDY bets 24979 and is all-in
manggy94 folds
SIR DANDY collected 38329 from pot
*** SUMMARY ***
Total pot 38329 | No rake
Board: [6s Ks Jd Qs 8s]
Seat 2: SIR DANDY (big blind) won 38329


Winamax Poker - Tournament "Hit&Run Ticket 2€" buyIn: 0.45€ + 0.05€ level: 7 - HandId: #689312585668886529-58-1465989142 - Holdem no limit (30/200/400) - 2016/06/15 11:12:22 UTC
Table: 'Hit&Run Ticket 2€(160493093)#000' 6-max (real money) Seat #1 is the button
Seat 1: manggy94 (11356)
Seat 2: SIR DANDY (38329)
Seat 3: Styyve (23372)
Seat 6: france59860 (5694)
*** ANTE/BLINDS ***
SIR DANDY posts ante 30
Styyve posts ante 30
manggy94 posts ante 30
france59860 posts ante 30
SIR DANDY posts small blind 200
Styyve posts big blind 400
Dealt to manggy94 [Th 3c]
*** PRE-FLOP *** 
france59860 folds
manggy94 folds
SIR DANDY folds
Styyve collected 720 from pot
*** SUMMARY ***
Total pot 720 | No rake
Seat 3: Styyve (big blind) won 720


Winamax Poker - Tournament "Hit&Run Ticket 2€" buyIn: 0.45€ + 0.05€ level: 7 - HandId: #689312585668886529-59-1465989162 - Holdem no limit (30/200/400) - 2016/06/15 11:12:42 UTC
Table: 'Hit&Run Ticket 2€(160493093)#000' 6-max (real money) Seat #2 is the button
Seat 1: manggy94 (11326)
Seat 2: SIR DANDY (38099)
Seat 3: Styyve (23662)
Seat 5: M.Gatling (8434)
Seat 6: france59860 (5664)
*** ANTE/BLINDS ***
Styyve posts ante 30
M.Gatling posts ante 30
manggy94 posts ante 30
SIR DANDY posts ante 30
france59860 posts ante 30
Styyve posts small blind 200
M.Gatling posts big blind 400
Dealt to manggy94 [4d Kh]
*** PRE-FLOP *** 
france59860 raises 5234 to 5634 and is all-in
manggy94 folds
SIR DANDY folds
Styyve folds
M.Gatling calls 5234
*** FLOP *** [7c 2s Qc]
*** TURN *** [7c 2s Qc][Ts]
*** RIVER *** [7c 2s Qc Ts][6h]
*** SHOW DOWN ***
france59860 shows [Ad 4c] (High card : Ace)
M.Gatling shows [9d 9h] (One pair : 9)
M.Gatling collected 11618 from pot
*** SUMMARY ***
Total pot 11618 | No rake
Board: [7c 2s Qc Ts 6h]
Seat 5: M.Gatling (big blind) showed [9d 9h] and won 11618 with One pair : 9
Seat 6: france59860 showed [Ad 4c] and lost with High card : Ace


Winamax Poker - Tournament "Hit&Run Ticket 2€" buyIn: 0.45€ + 0.05€ level: 7 - HandId: #689312585668886529-60-1465989187 - Holdem no limit (30/200/400) - 2016/06/15 11:13:07 UTC
Table: 'Hit&Run Ticket 2€(160493093)#000' 6-max (real money) Seat #3 is the button
Seat 1: manggy94 (11296)
Seat 2: SIR DANDY (38069)
Seat 3: Styyve (23432)
Seat 5: M.Gatling (14388)
*** ANTE/BLINDS ***
M.Gatling posts ante 30
manggy94 posts ante 30
SIR DANDY posts ante 30
Styyve posts ante 30
M.Gatling posts small blind 200
manggy94 posts big blind 400
Dealt to manggy94 [2d 7s]
*** PRE-FLOP *** 
SIR DANDY folds
Styyve folds
M.Gatling calls 200
manggy94 checks
*** FLOP *** [Ad 9s Ah]
M.Gatling bets 400
manggy94 raises 1720 to 2120
M.Gatling folds
manggy94 collected 3440 from pot
*** SUMMARY ***
Total pot 3440 | No rake
Board: [Ad 9s Ah]
Seat 1: manggy94 (big blind) won 3440


Winamax Poker - Tournament "Hit&Run Ticket 2€" buyIn: 0.45€ + 0.05€ level: 7 - HandId: #689312585668886529-61-1465989211 - Holdem no limit (30/200/400) - 2016/06/15 11:13:31 UTC
Table: 'Hit&Run Ticket 2€(160493093)#000' 6-max (real money) Seat #5 is the button
Seat 1: manggy94 (12186)
Seat 2: SIR DANDY (38039)
Seat 3: Styyve (23402)
Seat 5: M.Gatling (13558)
*** ANTE/BLINDS ***
manggy94 posts ante 30
SIR DANDY posts ante 30
Styyve posts ante 30
M.Gatling posts ante 30
manggy94 posts small blind 200
SIR DANDY posts big blind 400
Dealt to manggy94 [9s 4h]
*** PRE-FLOP *** 
Styyve folds
M.Gatling calls 400
manggy94 folds
SIR DANDY checks
*** FLOP *** [Ac 7h Kh]
SIR DANDY checks
M.Gatling bets 400
SIR DANDY folds
M.Gatling collected 1520 from pot
*** SUMMARY ***
Total pot 1520 | No rake
Board: [Ac 7h Kh]
Seat 5: M.Gatling (button) won 1520


Winamax Poker - Tournament "Hit&Run Ticket 2€" buyIn: 0.45€ + 0.05€ level: 7 - HandId: #689312585668886529-62-1465989228 - Holdem no limit (30/200/400) - 2016/06/15 11:13:48 UTC
Table: 'Hit&Run Ticket 2€(160493093)#000' 6-max (real money) Seat #1 is the button
Seat 1: manggy94 (11956)
Seat 2: SIR DANDY (37609)
Seat 3: Styyve (23372)
Seat 5: M.Gatling (14248)
*** ANTE/BLINDS ***
SIR DANDY posts ante 30
Styyve posts ante 30
manggy94 posts ante 30
M.Gatling posts ante 30
SIR DANDY posts small blind 200
Styyve posts big blind 400
Dealt to manggy94 [7d Ks]
*** PRE-FLOP *** 
M.Gatling folds
manggy94 raises 400 to 800
SIR DANDY raises 1600 to 2400
Styyve folds
manggy94 calls 1600
*** FLOP *** [7h Jd 8d]
SIR DANDY bets 35179 and is all-in
manggy94 calls 9526 and is all-in
*** TURN *** [7h Jd 8d][9s]
*** RIVER *** [7h Jd 8d 9s][4c]
*** SHOW DOWN ***
manggy94 shows [7d Ks] (One pair : 7)
SIR DANDY shows [Th Td] (Straight Jack high)
SIR DANDY collected 50025 from pot
*** SUMMARY ***
Total pot 50025 | No rake
Board: [7h Jd 8d 9s 4c]
Seat 1: manggy94 (button) showed [7d Ks] and lost with One pair : 7
Seat 2: SIR DANDY (small blind) showed [Th Td] and won 50025 with Straight Jack high


