Winamax Poker - Tournament "Freeroll" buyIn: 0€ + 0€ level: 1 - HandId: #743358796264374537-1-1477682131 - Holdem no limit (10/20) - 2016/10/28 19:15:31 UTC
Table: 'Freeroll(173076707)#0264' 8-max (real money) Seat #4 is the button
Seat 1: manggy94 (3000)
Seat 2: MAMIE59620 (3000)
Seat 3: boblahyene69 (3000)
Seat 4: CRUSTAS (3000)
Seat 5: fkab1629 (3000)
Seat 6: rolandort (3000)
Seat 7: piqsous60 (3000)
Seat 8: Mlle 9 (3000)
*** ANTE/BLINDS ***
fkab1629 posts small blind 10
rolandort posts big blind 20
Dealt to manggy94 [5h Tc]
*** PRE-FLOP *** 
piqsous60 calls 20
Mlle 9 folds
manggy94 folds
MAMIE59620 folds
boblahyene69 calls 20
CRUSTAS calls 20
fkab1629 folds
rolandort raises 930 to 950
piqsous60 folds
boblahyene69 folds
CRUSTAS calls 930
*** FLOP *** [4s Ts Qs]
rolandort bets 975
CRUSTAS raises 975 to 1950
rolandort calls 975
*** TURN *** [4s Ts Qs][9h]
rolandort bets 20
CRUSTAS raises 40 to 60
rolandort calls 40
*** RIVER *** [4s Ts Qs 9h][Kc]
rolandort bets 20
CRUSTAS raises 20 to 40 and is all-in
rolandort calls 20 and is all-in
*** SHOW DOWN ***
rolandort shows [9s Jh] (Straight King high)
CRUSTAS shows [5s Js] (Flush Queen high)
CRUSTAS collected 6050 from pot
*** SUMMARY ***
Total pot 6050 | No rake
Board: [4s Ts Qs 9h Kc]
Seat 4: CRUSTAS (button) showed [5s Js] and won 6050 with Flush Queen high
Seat 6: rolandort (big blind) showed [9s Jh] and lost with Straight King high


Winamax Poker - Tournament "Freeroll" buyIn: 0€ + 0€ level: 2 - HandId: #743358796264374537-2-1477682455 - Holdem no limit (15/30) - 2016/10/28 19:20:55 UTC
Table: 'Freeroll(173076707)#0264' 8-max (real money) Seat #5 is the button
Seat 1: manggy94 (3000)
Seat 2: MAMIE59620 (3000)
Seat 3: boblahyene69 (2980)
Seat 4: CRUSTAS (6050)
Seat 5: fkab1629 (2990)
Seat 7: piqsous60 (2980)
Seat 8: Mlle 9 (3000)
*** ANTE/BLINDS ***
piqsous60 posts big blind 30
Dealt to manggy94 [9d 4c]
*** PRE-FLOP *** 
Mlle 9 folds
manggy94 folds
MAMIE59620 folds
boblahyene69 calls 30
CRUSTAS folds
fkab1629 folds
piqsous60 checks
*** FLOP *** [7c Qd Kc]
piqsous60 bets 30
boblahyene69 raises 120 to 150
piqsous60 calls 120
*** TURN *** [7c Qd Kc][Js]
piqsous60 checks
boblahyene69 bets 360
piqsous60 folds
boblahyene69 collected 720 from pot
*** SUMMARY ***
Total pot 720 | No rake
Board: [7c Qd Kc Js]
Seat 3: boblahyene69 won 720


Winamax Poker - Tournament "Freeroll" buyIn: 0€ + 0€ level: 3 - HandId: #743358796264374537-3-1477682503 - Holdem no limit (20/40) - 2016/10/28 19:21:43 UTC
Table: 'Freeroll(173076707)#0264' 8-max (real money) Seat #6 is the button
Seat 1: manggy94 (3000)
Seat 2: MAMIE59620 (3000)
Seat 3: boblahyene69 (3160)
Seat 4: CRUSTAS (6050)
Seat 5: fkab1629 (2990)
Seat 7: piqsous60 (2800)
Seat 8: Mlle 9 (3000)
*** ANTE/BLINDS ***
piqsous60 posts small blind 20
Mlle 9 posts big blind 40
Dealt to manggy94 [2h Kd]
*** PRE-FLOP *** 
manggy94 folds
MAMIE59620 folds
boblahyene69 calls 40
CRUSTAS calls 40
fkab1629 folds
piqsous60 folds
Mlle 9 folds
*** FLOP *** [Jd Kc 4d]
boblahyene69 bets 140
CRUSTAS folds
boblahyene69 collected 280 from pot
*** SUMMARY ***
Total pot 280 | No rake
Board: [Jd Kc 4d]
Seat 3: boblahyene69 won 280


Winamax Poker - Tournament "Freeroll" buyIn: 0€ + 0€ level: 3 - HandId: #743358796264374537-4-1477682543 - Holdem no limit (20/40) - 2016/10/28 19:22:23 UTC
Table: 'Freeroll(173076707)#0264' 8-max (real money) Seat #7 is the button
Seat 1: manggy94 (3000)
Seat 2: MAMIE59620 (3000)
Seat 3: boblahyene69 (3260)
Seat 4: CRUSTAS (6010)
Seat 5: fkab1629 (2990)
Seat 6: PLUME O4 (3000)
Seat 7: piqsous60 (2780)
Seat 8: Mlle 9 (2960)
*** ANTE/BLINDS ***
Mlle 9 posts small blind 20
manggy94 posts big blind 40
Dealt to manggy94 [6c 9h]
*** PRE-FLOP *** 
MAMIE59620 folds
boblahyene69 calls 40
CRUSTAS calls 40
fkab1629 folds
PLUME O4 folds
piqsous60 calls 40
Mlle 9 folds
manggy94 checks
*** FLOP *** [2c Kc Qc]
manggy94 checks
boblahyene69 checks
CRUSTAS bets 5970 and is all-in
piqsous60 folds
manggy94 folds
boblahyene69 folds
CRUSTAS collected 6150 from pot
*** SUMMARY ***
Total pot 6150 | No rake
Board: [2c Kc Qc]
Seat 4: CRUSTAS won 6150


Winamax Poker - Tournament "Freeroll" buyIn: 0€ + 0€ level: 3 - HandId: #743358796264374537-5-1477682664 - Holdem no limit (20/40) - 2016/10/28 19:24:24 UTC
Table: 'Freeroll(173076707)#0264' 8-max (real money) Seat #8 is the button
Seat 1: manggy94 (2960)
Seat 2: MAMIE59620 (3000)
Seat 3: boblahyene69 (3220)
Seat 4: CRUSTAS (6150)
Seat 5: fkab1629 (2990)
Seat 6: PLUME O4 (3000)
Seat 7: piqsous60 (2740)
Seat 8: Mlle 9 (2940)
*** ANTE/BLINDS ***
manggy94 posts small blind 20
MAMIE59620 posts big blind 40
Dealt to manggy94 [Ks 9h]
*** PRE-FLOP *** 
boblahyene69 calls 40
CRUSTAS calls 40
fkab1629 folds
PLUME O4 folds
piqsous60 raises 2700 to 2740 and is all-in
Mlle 9 folds
manggy94 folds
MAMIE59620 folds
boblahyene69 folds
CRUSTAS calls 2700
*** FLOP *** [3d Qs 4s]
*** TURN *** [3d Qs 4s][8h]
*** RIVER *** [3d Qs 4s 8h][Jc]
*** SHOW DOWN ***
CRUSTAS shows [4d Ah] (One pair : 4)
piqsous60 shows [As Jh] (One pair : Jacks)
piqsous60 collected 5580 from pot
*** SUMMARY ***
Total pot 5580 | No rake
Board: [3d Qs 4s 8h Jc]
Seat 4: CRUSTAS showed [4d Ah] and lost with One pair : 4
Seat 7: piqsous60 showed [As Jh] and won 5580 with One pair : Jacks


Winamax Poker - Tournament "Freeroll" buyIn: 0€ + 0€ level: 4 - HandId: #743358796264374537-6-1477682720 - Holdem no limit (30/60) - 2016/10/28 19:25:20 UTC
Table: 'Freeroll(173076707)#0264' 8-max (real money) Seat #1 is the button
Seat 1: manggy94 (2940)
Seat 2: MAMIE59620 (2960)
Seat 3: boblahyene69 (3180)
Seat 4: CRUSTAS (3410)
Seat 5: fkab1629 (2990)
Seat 6: PLUME O4 (3000)
Seat 7: piqsous60 (5580)
Seat 8: Mlle 9 (2940)
*** ANTE/BLINDS ***
MAMIE59620 posts small blind 30
boblahyene69 posts big blind 60
Dealt to manggy94 [3c Qd]
*** PRE-FLOP *** 
CRUSTAS calls 60
fkab1629 folds
PLUME O4 folds
piqsous60 folds
Mlle 9 folds
manggy94 folds
MAMIE59620 folds
boblahyene69 checks
*** FLOP *** [9c Jh 8c]
boblahyene69 checks
CRUSTAS bets 3350 and is all-in
boblahyene69 folds
CRUSTAS collected 3500 from pot
*** SUMMARY ***
Total pot 3500 | No rake
Board: [9c Jh 8c]
Seat 4: CRUSTAS won 3500


Winamax Poker - Tournament "Freeroll" buyIn: 0€ + 0€ level: 4 - HandId: #743358796264374537-7-1477682761 - Holdem no limit (30/60) - 2016/10/28 19:26:01 UTC
Table: 'Freeroll(173076707)#0264' 8-max (real money) Seat #2 is the button
Seat 1: manggy94 (2940)
Seat 2: MAMIE59620 (2930)
Seat 3: boblahyene69 (3120)
Seat 4: CRUSTAS (3500)
Seat 5: fkab1629 (2990)
Seat 6: PLUME O4 (3000)
Seat 7: piqsous60 (5580)
Seat 8: Mlle 9 (2940)
*** ANTE/BLINDS ***
boblahyene69 posts small blind 30
CRUSTAS posts big blind 60
Dealt to manggy94 [5s 6d]
*** PRE-FLOP *** 
fkab1629 folds
PLUME O4 folds
piqsous60 folds
Mlle 9 calls 60
manggy94 calls 60
MAMIE59620 folds
boblahyene69 calls 30
CRUSTAS checks
*** FLOP *** [Qc Jc Js]
boblahyene69 bets 60
CRUSTAS folds
Mlle 9 raises 360 to 420
manggy94 folds
boblahyene69 calls 360
*** TURN *** [Qc Jc Js][4s]
boblahyene69 checks
Mlle 9 bets 1080
boblahyene69 calls 1080
*** RIVER *** [Qc Jc Js 4s][Td]
boblahyene69 checks
Mlle 9 bets 1380 and is all-in
boblahyene69 folds
Mlle 9 collected 4620 from pot
*** SUMMARY ***
Total pot 4620 | No rake
Board: [Qc Jc Js 4s Td]
Seat 8: Mlle 9 won 4620


Winamax Poker - Tournament "Freeroll" buyIn: 0€ + 0€ level: 5 - HandId: #743358796264374537-8-1477682875 - Holdem no limit (40/80) - 2016/10/28 19:27:55 UTC
Table: 'Freeroll(173076707)#0264' 8-max (real money) Seat #3 is the button
Seat 1: manggy94 (2880)
Seat 2: MAMIE59620 (2930)
Seat 3: boblahyene69 (1560)
Seat 4: CRUSTAS (3440)
Seat 5: fkab1629 (2990)
Seat 6: PLUME O4 (3000)
Seat 7: piqsous60 (5580)
Seat 8: Mlle 9 (4620)
*** ANTE/BLINDS ***
CRUSTAS posts small blind 40
fkab1629 posts big blind 80
Dealt to manggy94 [3d Js]
*** PRE-FLOP *** 
PLUME O4 folds
piqsous60 calls 80
Mlle 9 folds
manggy94 folds
MAMIE59620 folds
boblahyene69 calls 80
CRUSTAS calls 40
fkab1629 folds
*** FLOP *** [Kc 5s Ac]
CRUSTAS checks
piqsous60 bets 80
boblahyene69 calls 80
CRUSTAS folds
*** TURN *** [Kc 5s Ac][Qd]
piqsous60 bets 80
boblahyene69 calls 80
*** RIVER *** [Kc 5s Ac Qd][Jd]
piqsous60 checks
boblahyene69 bets 640
piqsous60 calls 640
*** SHOW DOWN ***
piqsous60 shows [Ad 3s] (One pair : Aces)
boblahyene69 shows [Tc 5c] (Straight Ace high)
boblahyene69 collected 1920 from pot
*** SUMMARY ***
Total pot 1920 | No rake
Board: [Kc 5s Ac Qd Jd]
Seat 3: boblahyene69 (button) showed [Tc 5c] and won 1920 with Straight Ace high
Seat 7: piqsous60 showed [Ad 3s] and lost with One pair : Aces


Winamax Poker - Tournament "Freeroll" buyIn: 0€ + 0€ level: 5 - HandId: #743358796264374537-9-1477682983 - Holdem no limit (40/80) - 2016/10/28 19:29:43 UTC
Table: 'Freeroll(173076707)#0264' 8-max (real money) Seat #4 is the button
Seat 1: manggy94 (2880)
Seat 2: MAMIE59620 (2930)
Seat 3: boblahyene69 (2600)
Seat 4: CRUSTAS (3360)
Seat 5: fkab1629 (2910)
Seat 6: PLUME O4 (3000)
Seat 7: piqsous60 (4700)
Seat 8: Mlle 9 (4620)
*** ANTE/BLINDS ***
fkab1629 posts small blind 40
PLUME O4 posts big blind 80
Dealt to manggy94 [Jh Ad]
*** PRE-FLOP *** 
piqsous60 calls 80
Mlle 9 folds
manggy94 raises 280 to 360
MAMIE59620 folds
boblahyene69 folds
CRUSTAS calls 360
fkab1629 folds
PLUME O4 folds
piqsous60 raises 4340 to 4700 and is all-in
manggy94 calls 2520 and is all-in
CRUSTAS folds
*** FLOP *** [8c Ac 2s]
*** TURN *** [8c Ac 2s][Js]
*** RIVER *** [8c Ac 2s Js][Tc]
*** SHOW DOWN ***
manggy94 shows [Jh Ad] (Two pairs : Aces and Jacks)
piqsous60 shows [7h 7s] (One pair : 7)
piqsous60 collected 1820 from side pot 1
manggy94 collected 6240 from main pot
*** SUMMARY ***
Total pot 8060 | No rake
Board: [8c Ac 2s Js Tc]
Seat 1: manggy94 showed [Jh Ad] and won 6240 with Two pairs : Aces and Jacks
Seat 7: piqsous60 showed [7h 7s] and won 1820 with One pair : 7


Winamax Poker - Tournament "Freeroll" buyIn: 0€ + 0€ level: 6 - HandId: #743358796264374537-10-1477683049 - Holdem no limit (60/120) - 2016/10/28 19:30:49 UTC
Table: 'Freeroll(173076707)#0264' 8-max (real money) Seat #5 is the button
Seat 1: manggy94 (6240)
Seat 2: MAMIE59620 (2930)
Seat 3: boblahyene69 (2600)
Seat 4: CRUSTAS (3000)
Seat 5: fkab1629 (2870)
Seat 6: PLUME O4 (2920)
Seat 7: piqsous60 (1820)
Seat 8: Mlle 9 (4620)
*** ANTE/BLINDS ***
PLUME O4 posts small blind 60
piqsous60 posts big blind 120
Dealt to manggy94 [9h Qs]
*** PRE-FLOP *** 
Mlle 9 folds
manggy94 calls 120
MAMIE59620 folds
boblahyene69 folds
CRUSTAS calls 120
fkab1629 folds
PLUME O4 folds
piqsous60 raises 1700 to 1820 and is all-in
manggy94 folds
CRUSTAS calls 1700
*** FLOP *** [3c 9c Th]
*** TURN *** [3c 9c Th][Ts]
*** RIVER *** [3c 9c Th Ts][4c]
*** SHOW DOWN ***
piqsous60 shows [5h 7h] (One pair : Tens)
CRUSTAS shows [Qh Ks] (One pair : Tens)
CRUSTAS collected 3820 from pot
*** SUMMARY ***
Total pot 3820 | No rake
Board: [3c 9c Th Ts 4c]
Seat 4: CRUSTAS showed [Qh Ks] and won 3820 with One pair : Tens
Seat 7: piqsous60 (big blind) showed [5h 7h] and lost with One pair : Tens


Winamax Poker - Tournament "Freeroll" buyIn: 0€ + 0€ level: 6 - HandId: #743358796264374537-11-1477683114 - Holdem no limit (60/120) - 2016/10/28 19:31:54 UTC
Table: 'Freeroll(173076707)#0264' 8-max (real money) Seat #6 is the button
Seat 1: manggy94 (6120)
Seat 2: MAMIE59620 (2930)
Seat 3: boblahyene69 (2600)
Seat 4: CRUSTAS (5000)
Seat 5: fkab1629 (2870)
Seat 6: PLUME O4 (2860)
Seat 8: Mlle 9 (4620)
*** ANTE/BLINDS ***
Mlle 9 posts big blind 120
Dealt to manggy94 [7s 6s]
*** PRE-FLOP *** 
manggy94 calls 120
MAMIE59620 folds
boblahyene69 calls 120
CRUSTAS calls 120
fkab1629 folds
PLUME O4 folds
Mlle 9 checks
*** FLOP *** [Qs Ah 2s]
Mlle 9 checks
manggy94 bets 240
boblahyene69 folds
CRUSTAS folds
Mlle 9 folds
manggy94 collected 720 from pot
*** SUMMARY ***
Total pot 720 | No rake
Board: [Qs Ah 2s]
Seat 1: manggy94 won 720


Winamax Poker - Tournament "Freeroll" buyIn: 0€ + 0€ level: 6 - HandId: #743358796264374537-12-1477683159 - Holdem no limit (60/120) - 2016/10/28 19:32:39 UTC
Table: 'Freeroll(173076707)#0264' 8-max (real money) Seat #7 is the button
Seat 1: manggy94 (6480)
Seat 2: MAMIE59620 (2930)
Seat 3: boblahyene69 (2480)
Seat 4: CRUSTAS (4880)
Seat 5: fkab1629 (2870)
Seat 6: PLUME O4 (2860)
Seat 7: kazouka (3000)
Seat 8: Mlle 9 (4500)
*** ANTE/BLINDS ***
Mlle 9 posts small blind 60
manggy94 posts big blind 120
Dealt to manggy94 [Jh As]
*** PRE-FLOP *** 
MAMIE59620 folds
boblahyene69 calls 120
CRUSTAS calls 120
fkab1629 folds
PLUME O4 folds
Mlle 9 calls 60
manggy94 raises 960 to 1080
boblahyene69 folds
CRUSTAS folds
Mlle 9 folds
manggy94 collected 1440 from pot
*** SUMMARY ***
Total pot 1440 | No rake
Seat 1: manggy94 (big blind) won 1440


Winamax Poker - Tournament "Freeroll" buyIn: 0€ + 0€ level: 7 - HandId: #743358796264374537-13-1477683217 - Holdem no limit (10/60/120) - 2016/10/28 19:33:37 UTC
Table: 'Freeroll(173076707)#0264' 8-max (real money) Seat #8 is the button
Seat 1: manggy94 (6840)
Seat 2: MAMIE59620 (2930)
Seat 3: boblahyene69 (2360)
Seat 4: CRUSTAS (4760)
Seat 5: fkab1629 (2870)
Seat 6: PLUME O4 (2860)
Seat 7: kazouka (3000)
Seat 8: Mlle 9 (4380)
*** ANTE/BLINDS ***
manggy94 posts ante 10
MAMIE59620 posts ante 10
boblahyene69 posts ante 10
CRUSTAS posts ante 10
fkab1629 posts ante 10
PLUME O4 posts ante 10
kazouka posts ante 10
Mlle 9 posts ante 10
manggy94 posts small blind 60
MAMIE59620 posts big blind 120
Dealt to manggy94 [Ad 8h]
*** PRE-FLOP *** 
boblahyene69 calls 120
CRUSTAS calls 120
fkab1629 folds
PLUME O4 folds
kazouka calls 120
Mlle 9 calls 120
manggy94 calls 60
MAMIE59620 folds
*** FLOP *** [Js Qs 3c]
manggy94 checks
boblahyene69 checks
CRUSTAS bets 300
kazouka folds
Mlle 9 raises 3950 to 4250 and is all-in
manggy94 folds
boblahyene69 folds
CRUSTAS folds
Mlle 9 collected 5350 from pot
*** SUMMARY ***
Total pot 5350 | No rake
Board: [Js Qs 3c]
Seat 8: Mlle 9 (button) won 5350


Winamax Poker - Tournament "Freeroll" buyIn: 0€ + 0€ level: 7 - HandId: #743358796264374537-14-1477683303 - Holdem no limit (10/60/120) - 2016/10/28 19:35:03 UTC
Table: 'Freeroll(173076707)#0264' 8-max (real money) Seat #1 is the button
Seat 1: manggy94 (6710)
Seat 2: MAMIE59620 (2800)
Seat 3: boblahyene69 (2230)
Seat 4: CRUSTAS (4330)
Seat 5: fkab1629 (2860)
Seat 6: PLUME O4 (2850)
Seat 7: kazouka (2870)
Seat 8: Mlle 9 (5350)
*** ANTE/BLINDS ***
MAMIE59620 posts ante 10
boblahyene69 posts ante 10
manggy94 posts ante 10
CRUSTAS posts ante 10
fkab1629 posts ante 10
PLUME O4 posts ante 10
kazouka posts ante 10
Mlle 9 posts ante 10
MAMIE59620 posts small blind 60
boblahyene69 posts big blind 120
Dealt to manggy94 [Th Ah]
*** PRE-FLOP *** 
CRUSTAS calls 120
fkab1629 folds
PLUME O4 calls 120
kazouka calls 120
Mlle 9 folds
manggy94 raises 740 to 860
MAMIE59620 folds
boblahyene69 calls 740
CRUSTAS calls 740
PLUME O4 folds
kazouka calls 740
*** FLOP *** [3d 8h 6c]
boblahyene69 checks
CRUSTAS checks
kazouka bets 2000 and is all-in
manggy94 calls 2000
boblahyene69 folds
CRUSTAS folds
*** TURN *** [3d 8h 6c][Td]
*** RIVER *** [3d 8h 6c Td][Jc]
*** SHOW DOWN ***
kazouka shows [Ad 6s] (One pair : 6)
manggy94 shows [Th Ah] (One pair : Tens)
manggy94 collected 7700 from pot
*** SUMMARY ***
Total pot 7700 | No rake
Board: [3d 8h 6c Td Jc]
Seat 1: manggy94 (button) showed [Th Ah] and won 7700 with One pair : Tens
Seat 7: kazouka showed [Ad 6s] and lost with One pair : 6


Winamax Poker - Tournament "Freeroll" buyIn: 0€ + 0€ level: 8 - HandId: #743358796264374537-15-1477683402 - Holdem no limit (15/75/150) - 2016/10/28 19:36:42 UTC
Table: 'Freeroll(173076707)#0264' 8-max (real money) Seat #2 is the button
Seat 1: manggy94 (11540)
Seat 2: MAMIE59620 (2730)
Seat 3: boblahyene69 (1360)
Seat 4: CRUSTAS (3460)
Seat 5: fkab1629 (2850)
Seat 6: PLUME O4 (2720)
Seat 8: Mlle 9 (5340)
*** ANTE/BLINDS ***
boblahyene69 posts ante 15
CRUSTAS posts ante 15
manggy94 posts ante 15
MAMIE59620 posts ante 15
fkab1629 posts ante 15
PLUME O4 posts ante 15
Mlle 9 posts ante 15
boblahyene69 posts small blind 75
CRUSTAS posts big blind 150
Dealt to manggy94 [Jc Ad]
*** PRE-FLOP *** 
fkab1629 folds
PLUME O4 folds
Mlle 9 raises 150 to 300
manggy94 raises 930 to 1230
MAMIE59620 folds
boblahyene69 raises 115 to 1345 and is all-in
CRUSTAS calls 1195
Mlle 9 calls 1045
manggy94 calls 115
*** FLOP *** [4s 6d 6s]
CRUSTAS checks
Mlle 9 checks
manggy94 bets 1500
CRUSTAS folds
Mlle 9 calls 1500
*** TURN *** [4s 6d 6s][7s]
Mlle 9 checks
manggy94 checks
*** RIVER *** [4s 6d 6s 7s][3s]
Mlle 9 bets 2480 and is all-in
manggy94 folds
*** SHOW DOWN ***
boblahyene69 shows [Ks Qh] (Flush King high)
Mlle 9 shows [4h 6h] (Full of 6 and 4)
Mlle 9 collected 10965 from pot
*** SUMMARY ***
Total pot 10965 | No rake
Board: [4s 6d 6s 7s 3s]
Seat 3: boblahyene69 (small blind) showed [Ks Qh] and lost with Flush King high
Seat 8: Mlle 9 showed [4h 6h] and won 10965 with Full of 6 and 4


Winamax Poker - Tournament "Freeroll" buyIn: 0€ + 0€ level: 8 - HandId: #743358796264374537-16-1477683474 - Holdem no limit (15/75/150) - 2016/10/28 19:37:54 UTC
Table: 'Freeroll(173076707)#0264' 8-max (real money) Seat #3 is the button
Seat 1: manggy94 (8680)
Seat 2: MAMIE59620 (2715)
Seat 4: CRUSTAS (2100)
Seat 5: fkab1629 (2835)
Seat 6: PLUME O4 (2705)
Seat 8: Mlle 9 (10965)
*** ANTE/BLINDS ***
CRUSTAS posts ante 15
fkab1629 posts ante 15
manggy94 posts ante 15
MAMIE59620 posts ante 15
PLUME O4 posts ante 15
Mlle 9 posts ante 15
CRUSTAS posts small blind 75
fkab1629 posts big blind 150
Dealt to manggy94 [6c 8d]
*** PRE-FLOP *** 
PLUME O4 folds
Mlle 9 folds
manggy94 folds
MAMIE59620 folds
CRUSTAS calls 75
fkab1629 folds
CRUSTAS collected 390 from pot
*** SUMMARY ***
Total pot 390 | No rake
Seat 4: CRUSTAS (small blind) won 390


Winamax Poker - Tournament "Freeroll" buyIn: 0€ + 0€ level: 8 - HandId: #743358796264374537-17-1477683488 - Holdem no limit (15/75/150) - 2016/10/28 19:38:08 UTC
Table: 'Freeroll(173076707)#0264' 8-max (real money) Seat #4 is the button
Seat 1: manggy94 (8665)
Seat 2: MAMIE59620 (2700)
Seat 3: gitano93160 (1645)
Seat 4: CRUSTAS (2325)
Seat 5: fkab1629 (2670)
Seat 6: PLUME O4 (2690)
Seat 8: Mlle 9 (10950)
*** ANTE/BLINDS ***
fkab1629 posts ante 15
PLUME O4 posts ante 15
manggy94 posts ante 15
MAMIE59620 posts ante 15
gitano93160 posts ante 15
CRUSTAS posts ante 15
Mlle 9 posts ante 15
fkab1629 posts small blind 75
PLUME O4 posts big blind 150
Dealt to manggy94 [2s Kh]
*** PRE-FLOP *** 
Mlle 9 folds
manggy94 folds
MAMIE59620 folds
gitano93160 raises 480 to 630
CRUSTAS calls 630
fkab1629 folds
PLUME O4 folds
*** FLOP *** [6s 3h Th]
gitano93160 checks
CRUSTAS bets 1680 and is all-in
gitano93160 folds
CRUSTAS collected 3270 from pot
*** SUMMARY ***
Total pot 3270 | No rake
Board: [6s 3h Th]
Seat 4: CRUSTAS (button) won 3270


Winamax Poker - Tournament "Freeroll" buyIn: 0€ + 0€ level: 8 - HandId: #743358796264374537-18-1477683531 - Holdem no limit (15/75/150) - 2016/10/28 19:38:51 UTC
Table: 'Freeroll(173076707)#0264' 8-max (real money) Seat #5 is the button
Seat 1: manggy94 (8650)
Seat 2: MAMIE59620 (2685)
Seat 3: gitano93160 (1000)
Seat 4: CRUSTAS (3270)
Seat 5: fkab1629 (2580)
Seat 6: PLUME O4 (2525)
Seat 8: Mlle 9 (10935)
*** ANTE/BLINDS ***
PLUME O4 posts ante 15
Mlle 9 posts ante 15
manggy94 posts ante 15
MAMIE59620 posts ante 15
gitano93160 posts ante 15
CRUSTAS posts ante 15
fkab1629 posts ante 15
PLUME O4 posts small blind 75
Mlle 9 posts big blind 150
Dealt to manggy94 [7s 9c]
*** PRE-FLOP *** 
manggy94 calls 150
MAMIE59620 folds
gitano93160 folds
CRUSTAS folds
fkab1629 folds
PLUME O4 folds
Mlle 9 folds
manggy94 collected 480 from pot
*** SUMMARY ***
Total pot 480 | No rake
Seat 1: manggy94 won 480


Winamax Poker - Tournament "Freeroll" buyIn: 0€ + 0€ level: 9 - HandId: #743358796264374537-19-1477683636 - Holdem no limit (20/100/200) - 2016/10/28 19:40:36 UTC
Table: 'Freeroll(173076707)#0264' 8-max (real money) Seat #6 is the button
Seat 1: manggy94 (8965)
Seat 2: MAMIE59620 (2670)
Seat 3: gitano93160 (985)
Seat 4: CRUSTAS (3255)
Seat 5: fkab1629 (2565)
Seat 6: PLUME O4 (2435)
Seat 7: Reine_Das971 (2725)
Seat 8: Mlle 9 (10770)
*** ANTE/BLINDS ***
Mlle 9 posts ante 20
manggy94 posts ante 20
MAMIE59620 posts ante 20
gitano93160 posts ante 20
CRUSTAS posts ante 20
fkab1629 posts ante 20
PLUME O4 posts ante 20
Mlle 9 posts small blind 100
manggy94 posts big blind 200
Dealt to manggy94 [Th 5d]
*** PRE-FLOP *** 
MAMIE59620 folds
gitano93160 folds
CRUSTAS calls 200
fkab1629 folds
PLUME O4 calls 200
Mlle 9 folds
manggy94 checks
*** FLOP *** [5c Qd Ah]
manggy94 checks
CRUSTAS checks
PLUME O4 checks
*** TURN *** [5c Qd Ah][Ac]
manggy94 checks
CRUSTAS checks
PLUME O4 checks
*** RIVER *** [5c Qd Ah Ac][Kc]
manggy94 checks
CRUSTAS bets 600
PLUME O4 calls 600
manggy94 calls 600
*** SHOW DOWN ***
manggy94 shows [Th 5d] (Two pairs : Aces and 5)
PLUME O4 shows [Kd Jc] (Two pairs : Aces and Kings)
CRUSTAS shows [6c 8c] (Flush Ace high)
CRUSTAS collected 2640 from pot
*** SUMMARY ***
Total pot 2640 | No rake
Board: [5c Qd Ah Ac Kc]
Seat 1: manggy94 (big blind) showed [Th 5d] and lost with Two pairs : Aces and 5
Seat 4: CRUSTAS showed [6c 8c] and won 2640 with Flush Ace high
Seat 6: PLUME O4 (button) showed [Kd Jc] and lost with Two pairs : Aces and Kings


Winamax Poker - Tournament "Freeroll" buyIn: 0€ + 0€ level: 9 - HandId: #743358796264374537-20-1477683732 - Holdem no limit (20/100/200) - 2016/10/28 19:42:12 UTC
Table: 'Freeroll(173076707)#0264' 8-max (real money) Seat #8 is the button
Seat 1: manggy94 (8145)
Seat 2: MAMIE59620 (2650)
Seat 3: gitano93160 (965)
Seat 4: CRUSTAS (5075)
Seat 5: fkab1629 (2545)
Seat 6: PLUME O4 (1615)
Seat 7: Reine_Das971 (2725)
Seat 8: Mlle 9 (10650)
*** ANTE/BLINDS ***
manggy94 posts ante 20
MAMIE59620 posts ante 20
gitano93160 posts ante 20
CRUSTAS posts ante 20
fkab1629 posts ante 20
PLUME O4 posts ante 20
Reine_Das971 posts ante 20
Mlle 9 posts ante 20
manggy94 posts small blind 100
MAMIE59620 posts big blind 200
Dealt to manggy94 [2h Qc]
*** PRE-FLOP *** 
gitano93160 folds
CRUSTAS calls 200
fkab1629 folds
PLUME O4 folds
Reine_Das971 folds
Mlle 9 folds
manggy94 calls 100
MAMIE59620 folds
*** FLOP *** [Tc As Qh]
manggy94 bets 380
CRUSTAS folds
manggy94 collected 1140 from pot
*** SUMMARY ***
Total pot 1140 | No rake
Board: [Tc As Qh]
Seat 1: manggy94 (small blind) won 1140


Winamax Poker - Tournament "Freeroll" buyIn: 0€ + 0€ level: 10 - HandId: #743358796264374537-21-1477683777 - Holdem no limit (25/125/250) - 2016/10/28 19:42:57 UTC
Table: 'Freeroll(173076707)#0264' 8-max (real money) Seat #1 is the button
Seat 1: manggy94 (8685)
Seat 2: MAMIE59620 (2430)
Seat 3: gitano93160 (945)
Seat 4: CRUSTAS (4855)
Seat 5: fkab1629 (2525)
Seat 6: PLUME O4 (1595)
Seat 7: Reine_Das971 (2705)
Seat 8: Mlle 9 (10630)
*** ANTE/BLINDS ***
MAMIE59620 posts ante 25
gitano93160 posts ante 25
manggy94 posts ante 25
CRUSTAS posts ante 25
fkab1629 posts ante 25
PLUME O4 posts ante 25
Reine_Das971 posts ante 25
Mlle 9 posts ante 25
MAMIE59620 posts small blind 125
gitano93160 posts big blind 250
Dealt to manggy94 [6h 5c]
*** PRE-FLOP *** 
CRUSTAS folds
fkab1629 folds
PLUME O4 raises 1320 to 1570 and is all-in
Reine_Das971 folds
Mlle 9 folds
manggy94 folds
MAMIE59620 folds
gitano93160 folds
PLUME O4 collected 2145 from pot
*** SUMMARY ***
Total pot 2145 | No rake
Seat 6: PLUME O4 won 2145


Winamax Poker - Tournament "Freeroll" buyIn: 0€ + 0€ level: 10 - HandId: #743358796264374537-22-1477683799 - Holdem no limit (25/125/250) - 2016/10/28 19:43:19 UTC
Table: 'Freeroll(173076707)#0264' 8-max (real money) Seat #2 is the button
Seat 1: manggy94 (8660)
Seat 2: MAMIE59620 (2280)
Seat 3: gitano93160 (670)
Seat 4: CRUSTAS (4830)
Seat 5: fkab1629 (2500)
Seat 6: PLUME O4 (2145)
Seat 7: Reine_Das971 (2680)
Seat 8: Mlle 9 (10605)
*** ANTE/BLINDS ***
gitano93160 posts ante 25
CRUSTAS posts ante 25
manggy94 posts ante 25
MAMIE59620 posts ante 25
fkab1629 posts ante 25
PLUME O4 posts ante 25
Reine_Das971 posts ante 25
Mlle 9 posts ante 25
gitano93160 posts small blind 125
CRUSTAS posts big blind 250
Dealt to manggy94 [8d 3h]
*** PRE-FLOP *** 
fkab1629 folds
PLUME O4 folds
Reine_Das971 folds
Mlle 9 folds
manggy94 raises 500 to 750
MAMIE59620 folds
gitano93160 folds
CRUSTAS folds
manggy94 collected 1325 from pot
*** SUMMARY ***
Total pot 1325 | No rake
Seat 1: manggy94 won 1325


Winamax Poker - Tournament "Freeroll" buyIn: 0€ + 0€ level: 10 - HandId: #743358796264374537-23-1477683832 - Holdem no limit (25/125/250) - 2016/10/28 19:43:52 UTC
Table: 'Freeroll(173076707)#0264' 8-max (real money) Seat #3 is the button
Seat 1: manggy94 (9210)
Seat 2: MAMIE59620 (2255)
Seat 3: gitano93160 (520)
Seat 4: CRUSTAS (4555)
Seat 5: fkab1629 (2475)
Seat 6: PLUME O4 (2120)
Seat 7: Reine_Das971 (2655)
Seat 8: Mlle 9 (10580)
*** ANTE/BLINDS ***
CRUSTAS posts ante 25
fkab1629 posts ante 25
manggy94 posts ante 25
MAMIE59620 posts ante 25
gitano93160 posts ante 25
PLUME O4 posts ante 25
Reine_Das971 posts ante 25
Mlle 9 posts ante 25
CRUSTAS posts small blind 125
fkab1629 posts big blind 250
Dealt to manggy94 [Ad Kc]
*** PRE-FLOP *** 
PLUME O4 calls 250
Reine_Das971 folds
Mlle 9 folds
manggy94 raises 8935 to 9185 and is all-in
MAMIE59620 folds
gitano93160 calls 495 and is all-in
CRUSTAS folds
fkab1629 folds
PLUME O4 calls 1845 and is all-in
*** FLOP *** [6c 4h Kh]
*** TURN *** [6c 4h Kh][9c]
*** RIVER *** [6c 4h Kh 9c][3d]
*** SHOW DOWN ***
gitano93160 shows [Ts Ac] (High card : Ace)
PLUME O4 shows [4s Ah] (One pair : 4)
manggy94 shows [Ad Kc] (One pair : Kings)
manggy94 collected 12350 from pot
*** SUMMARY ***
Total pot 12350 | No rake
Board: [6c 4h Kh 9c 3d]
Seat 1: manggy94 showed [Ad Kc] and won 12350 with One pair : Kings
Seat 3: gitano93160 (button) showed [Ts Ac] and lost with High card : Ace
Seat 6: PLUME O4 showed [4s Ah] and lost with One pair : 4


Winamax Poker - Tournament "Freeroll" buyIn: 0€ + 0€ level: 10 - HandId: #743358796264374537-24-1477683889 - Holdem no limit (25/125/250) - 2016/10/28 19:44:49 UTC
Table: 'Freeroll(173076707)#0264' 8-max (real money) Seat #4 is the button
Seat 1: manggy94 (12350)
Seat 2: MAMIE59620 (2230)
Seat 4: CRUSTAS (4405)
Seat 5: fkab1629 (2200)
Seat 6: HORNETAS (7375)
Seat 7: Reine_Das971 (2630)
Seat 8: Mlle 9 (10555)
*** ANTE/BLINDS ***
fkab1629 posts ante 25
HORNETAS posts ante 25
manggy94 posts ante 25
MAMIE59620 posts ante 25
CRUSTAS posts ante 25
Reine_Das971 posts ante 25
Mlle 9 posts ante 25
fkab1629 posts small blind 125
HORNETAS posts big blind 250
Dealt to manggy94 [3d 4d]
*** PRE-FLOP *** 
Reine_Das971 folds
Mlle 9 folds
manggy94 calls 250
MAMIE59620 folds
CRUSTAS calls 250
fkab1629 folds
HORNETAS checks
*** FLOP *** [5c 7s Jd]
HORNETAS checks
manggy94 bets 250
CRUSTAS calls 250
HORNETAS calls 250
*** TURN *** [5c 7s Jd][2c]
HORNETAS checks
manggy94 checks
CRUSTAS checks
*** RIVER *** [5c 7s Jd 2c][5s]
HORNETAS bets 1800
manggy94 folds
CRUSTAS folds
HORNETAS collected 3600 from pot
*** SUMMARY ***
Total pot 3600 | No rake
Board: [5c 7s Jd 2c 5s]
Seat 6: HORNETAS (big blind) won 3600


Winamax Poker - Tournament "Freeroll" buyIn: 0€ + 0€ level: 10 - HandId: #743358796264374537-25-1477683921 - Holdem no limit (25/125/250) - 2016/10/28 19:45:21 UTC
Table: 'Freeroll(173076707)#0264' 8-max (real money) Seat #5 is the button
Seat 1: manggy94 (11825)
Seat 2: MAMIE59620 (2205)
Seat 3: tom341 (7978)
Seat 4: CRUSTAS (3880)
Seat 5: fkab1629 (2050)
Seat 6: HORNETAS (8650)
Seat 7: Reine_Das971 (2605)
Seat 8: Mlle 9 (10530)
*** ANTE/BLINDS ***
HORNETAS posts ante 25
Reine_Das971 posts ante 25
manggy94 posts ante 25
MAMIE59620 posts ante 25
tom341 posts ante 25
CRUSTAS posts ante 25
fkab1629 posts ante 25
Mlle 9 posts ante 25
HORNETAS posts small blind 125
Reine_Das971 posts big blind 250
Dealt to manggy94 [Kc Jd]
*** PRE-FLOP *** 
Mlle 9 folds
manggy94 raises 750 to 1000
MAMIE59620 folds
tom341 calls 1000
CRUSTAS calls 1000
fkab1629 folds
HORNETAS folds
Reine_Das971 folds
*** FLOP *** [4h 5s 9s]
manggy94 checks
tom341 checks
CRUSTAS bets 750
manggy94 calls 750
tom341 calls 750
*** TURN *** [4h 5s 9s][Ac]
manggy94 checks
tom341 checks
CRUSTAS bets 1250
manggy94 folds
tom341 calls 1250
*** RIVER *** [4h 5s 9s Ac][9d]
tom341 checks
CRUSTAS bets 855 and is all-in
tom341 calls 855
*** SHOW DOWN ***
tom341 shows [7d 8d] (One pair : 9)
CRUSTAS shows [As 7c] (Two pairs : Aces and 9)
CRUSTAS collected 10035 from pot
*** SUMMARY ***
Total pot 10035 | No rake
Board: [4h 5s 9s Ac 9d]
Seat 3: tom341 showed [7d 8d] and lost with One pair : 9
Seat 4: CRUSTAS showed [As 7c] and won 10035 with Two pairs : Aces and 9


Winamax Poker - Tournament "Freeroll" buyIn: 0€ + 0€ level: 11 - HandId: #743358796264374537-26-1477683979 - Holdem no limit (35/150/300) - 2016/10/28 19:46:19 UTC
Table: 'Freeroll(173076707)#0264' 8-max (real money) Seat #6 is the button
Seat 1: manggy94 (10050)
Seat 2: MAMIE59620 (2180)
Seat 3: tom341 (4098)
Seat 4: CRUSTAS (10035)
Seat 5: fkab1629 (2025)
Seat 6: HORNETAS (8500)
Seat 7: Reine_Das971 (2330)
Seat 8: Mlle 9 (10505)
*** ANTE/BLINDS ***
Reine_Das971 posts ante 35
Mlle 9 posts ante 35
manggy94 posts ante 35
MAMIE59620 posts ante 35
tom341 posts ante 35
CRUSTAS posts ante 35
fkab1629 posts ante 35
HORNETAS posts ante 35
Reine_Das971 posts small blind 150
Mlle 9 posts big blind 300
Dealt to manggy94 [Qd Jh]
*** PRE-FLOP *** 
manggy94 calls 300
MAMIE59620 folds
tom341 calls 300
CRUSTAS folds
fkab1629 folds
HORNETAS raises 8165 to 8465 and is all-in
Reine_Das971 folds
Mlle 9 folds
manggy94 folds
tom341 calls 3763 and is all-in
*** FLOP *** [9c 2h Kd]
*** TURN *** [9c 2h Kd][Td]
*** RIVER *** [9c 2h Kd Td][2d]
*** SHOW DOWN ***
tom341 shows [9h 2s] (Full of 2 and 9)
HORNETAS shows [Jd Ad] (Flush Ace high)
HORNETAS collected 4402 from side pot 1
tom341 collected 9156 from main pot
*** SUMMARY ***
Total pot 13558 | No rake
Board: [9c 2h Kd Td 2d]
Seat 3: tom341 showed [9h 2s] and won 9156 with Full of 2 and 9
Seat 6: HORNETAS (button) showed [Jd Ad] and won 4402 with Flush Ace high


Winamax Poker - Tournament "Freeroll" buyIn: 0€ + 0€ level: 11 - HandId: #743358796264374537-27-1477684010 - Holdem no limit (35/150/300) - 2016/10/28 19:46:50 UTC
Table: 'Freeroll(173076707)#0264' 8-max (real money) Seat #7 is the button
Seat 1: manggy94 (9715)
Seat 2: MAMIE59620 (2145)
Seat 3: tom341 (9156)
Seat 4: CRUSTAS (10000)
Seat 5: fkab1629 (1990)
Seat 6: HORNETAS (4402)
Seat 7: Reine_Das971 (2145)
Seat 8: Mlle 9 (10170)
*** ANTE/BLINDS ***
Mlle 9 posts ante 35
manggy94 posts ante 35
MAMIE59620 posts ante 35
tom341 posts ante 35
CRUSTAS posts ante 35
fkab1629 posts ante 35
HORNETAS posts ante 35
Reine_Das971 posts ante 35
Mlle 9 posts small blind 150
manggy94 posts big blind 300
Dealt to manggy94 [Jd 7c]
*** PRE-FLOP *** 
MAMIE59620 folds
tom341 folds
CRUSTAS calls 300
fkab1629 folds
HORNETAS raises 4067 to 4367 and is all-in
Reine_Das971 folds
Mlle 9 folds
manggy94 folds
CRUSTAS calls 4067
*** FLOP *** [7s 6h 4c]
*** TURN *** [7s 6h 4c][2c]
*** RIVER *** [7s 6h 4c 2c][Td]
*** SHOW DOWN ***
HORNETAS shows [Kc 9h] (High card : King)
CRUSTAS shows [As Js] (High card : Ace)
CRUSTAS collected 9464 from pot
*** SUMMARY ***
Total pot 9464 | No rake
Board: [7s 6h 4c 2c Td]
Seat 4: CRUSTAS showed [As Js] and won 9464 with High card : Ace
Seat 6: HORNETAS showed [Kc 9h] and lost with High card : King


Winamax Poker - Tournament "Freeroll" buyIn: 0€ + 0€ level: 11 - HandId: #743358796264374537-28-1477684040 - Holdem no limit (35/150/300) - 2016/10/28 19:47:20 UTC
Table: 'Freeroll(173076707)#0264' 8-max (real money) Seat #8 is the button
Seat 1: manggy94 (9380)
Seat 2: MAMIE59620 (2110)
Seat 3: tom341 (9121)
Seat 4: CRUSTAS (15062)
Seat 5: fkab1629 (1955)
Seat 7: Reine_Das971 (2110)
Seat 8: Mlle 9 (9985)
*** ANTE/BLINDS ***
manggy94 posts ante 35
MAMIE59620 posts ante 35
tom341 posts ante 35
CRUSTAS posts ante 35
fkab1629 posts ante 35
Reine_Das971 posts ante 35
Mlle 9 posts ante 35
manggy94 posts small blind 150
MAMIE59620 posts big blind 300
Dealt to manggy94 [7c Kd]
*** PRE-FLOP *** 
tom341 raises 300 to 600
CRUSTAS folds
fkab1629 folds
Reine_Das971 folds
Mlle 9 folds
manggy94 calls 450
MAMIE59620 folds
*** FLOP *** [2h 8c 5h]
manggy94 bets 873
tom341 raises 873 to 1746
manggy94 folds
tom341 collected 4364 from pot
*** SUMMARY ***
Total pot 4364 | No rake
Board: [2h 8c 5h]
Seat 3: tom341 won 4364


Winamax Poker - Tournament "Freeroll" buyIn: 0€ + 0€ level: 11 - HandId: #743358796264374537-29-1477684069 - Holdem no limit (35/150/300) - 2016/10/28 19:47:49 UTC
Table: 'Freeroll(173076707)#0264' 8-max (real money) Seat #1 is the button
Seat 1: manggy94 (7872)
Seat 2: MAMIE59620 (1775)
Seat 3: tom341 (11104)
Seat 4: CRUSTAS (15027)
Seat 5: fkab1629 (1920)
Seat 7: Reine_Das971 (2075)
Seat 8: Mlle 9 (9950)
*** ANTE/BLINDS ***
MAMIE59620 posts ante 35
tom341 posts ante 35
manggy94 posts ante 35
CRUSTAS posts ante 35
fkab1629 posts ante 35
Reine_Das971 posts ante 35
Mlle 9 posts ante 35
MAMIE59620 posts small blind 150
tom341 posts big blind 300
Dealt to manggy94 [Qd 9c]
*** PRE-FLOP *** 
CRUSTAS folds
fkab1629 folds
Reine_Das971 folds
Mlle 9 folds
manggy94 calls 300
MAMIE59620 folds
tom341 checks
*** FLOP *** [4s 2s As]
tom341 checks
manggy94 checks
*** TURN *** [4s 2s As][Qh]
tom341 checks
manggy94 bets 995
tom341 folds
manggy94 collected 1990 from pot
*** SUMMARY ***
Total pot 1990 | No rake
Board: [4s 2s As Qh]
Seat 1: manggy94 (button) won 1990


Winamax Poker - Tournament "Freeroll" buyIn: 0€ + 0€ level: 11 - HandId: #743358796264374537-30-1477684103 - Holdem no limit (35/150/300) - 2016/10/28 19:48:23 UTC
Table: 'Freeroll(173076707)#0264' 8-max (real money) Seat #2 is the button
Seat 1: manggy94 (8532)
Seat 2: MAMIE59620 (1590)
Seat 3: tom341 (10769)
Seat 4: CRUSTAS (14992)
Seat 5: fkab1629 (1885)
Seat 6: janala83 (4375)
Seat 7: Reine_Das971 (2040)
Seat 8: Mlle 9 (9915)
*** ANTE/BLINDS ***
tom341 posts ante 35
CRUSTAS posts ante 35
manggy94 posts ante 35
MAMIE59620 posts ante 35
fkab1629 posts ante 35
janala83 posts ante 35
Reine_Das971 posts ante 35
Mlle 9 posts ante 35
tom341 posts small blind 150
CRUSTAS posts big blind 300
Dealt to manggy94 [3d 7s]
*** PRE-FLOP *** 
fkab1629 folds
janala83 raises 300 to 600
Reine_Das971 folds
Mlle 9 folds
manggy94 folds
MAMIE59620 folds
tom341 calls 450
CRUSTAS calls 300
*** FLOP *** [6d 4d Kc]
tom341 checks
CRUSTAS bets 600
janala83 calls 600
tom341 folds
*** TURN *** [6d 4d Kc][2d]
CRUSTAS bets 1500
janala83 calls 1500
*** RIVER *** [6d 4d Kc 2d][Qs]
CRUSTAS bets 1950
janala83 calls 1640 and is all-in
*** SHOW DOWN ***
CRUSTAS shows [7h Jh] (High card : King)
janala83 shows [Ad 2h] (One pair : 2)
janala83 collected 9560 from main pot
CRUSTAS collected 310 from side pot 1
*** SUMMARY ***
Total pot 9870 | No rake
Board: [6d 4d Kc 2d Qs]
Seat 4: CRUSTAS (big blind) showed [7h Jh] and won 310 with High card : King
Seat 6: janala83 showed [Ad 2h] and won 9560 with One pair : 2


Winamax Poker - Tournament "Freeroll" buyIn: 0€ + 0€ level: 12 - HandId: #743358796264374537-31-1477684172 - Holdem no limit (40/200/400) - 2016/10/28 19:49:32 UTC
Table: 'Freeroll(173076707)#0264' 8-max (real money) Seat #3 is the button
Seat 1: manggy94 (8497)
Seat 2: MAMIE59620 (1555)
Seat 3: tom341 (10134)
Seat 4: CRUSTAS (10617)
Seat 5: fkab1629 (1850)
Seat 6: janala83 (9560)
Seat 7: Reine_Das971 (2005)
Seat 8: Mlle 9 (9880)
*** ANTE/BLINDS ***
CRUSTAS posts ante 40
fkab1629 posts ante 40
manggy94 posts ante 40
MAMIE59620 posts ante 40
tom341 posts ante 40
janala83 posts ante 40
Reine_Das971 posts ante 40
Mlle 9 posts ante 40
CRUSTAS posts small blind 200
fkab1629 posts big blind 400
Dealt to manggy94 [Ad Js]
*** PRE-FLOP *** 
janala83 folds
Reine_Das971 folds
Mlle 9 folds
manggy94 raises 2400 to 2800
MAMIE59620 folds
tom341 calls 2800
CRUSTAS raises 7777 to 10577 and is all-in
fkab1629 folds
manggy94 calls 5657 and is all-in
tom341 calls 7294 and is all-in
*** FLOP *** [6c 7s 4d]
*** TURN *** [6c 7s 4d][Qs]
*** RIVER *** [6c 7s 4d Qs][8h]
*** SHOW DOWN ***
manggy94 shows [Ad Js] (High card : Ace)
tom341 shows [Jh Ah] (High card : Ace)
CRUSTAS shows [Tc Td] (One pair : Tens)
CRUSTAS collected 29848 from pot
*** SUMMARY ***
Total pot 29848 | No rake
Board: [6c 7s 4d Qs 8h]
Seat 1: manggy94 showed [Ad Js] and lost with High card : Ace
Seat 3: tom341 (button) showed [Jh Ah] and lost with High card : Ace
Seat 4: CRUSTAS (small blind) showed [Tc Td] and won 29848 with One pair : Tens


