Winamax Poker - Tournament "Super Freeroll Stade 1 - Déglingos !" buyIn: 0€ + 0€ level: 1 - HandId: #713788569201672193-1-1470161047 - Holdem no limit (10/20) - 2016/08/02 18:04:07 UTC
Table: 'Super Freeroll Stade 1 - Déglingos !(166191852)#0' 6-max (real money) Seat #2 is the button
Seat 1: manggy94 (500)
Seat 2: Rules900most (500)
Seat 3: lo69290 (500)
Seat 4: Seevss (500)
Seat 5: Lyana01 (500)
Seat 6: JPCAA (500)
*** ANTE/BLINDS ***
lo69290 posts small blind 10
Seevss posts big blind 20
Dealt to manggy94 [Th 9c]
*** PRE-FLOP *** 
Lyana01 folds
JPCAA folds
manggy94 calls 20
Rules900most raises 480 to 500 and is all-in
lo69290 folds
Seevss folds
manggy94 folds
Rules900most collected 550 from pot
*** SUMMARY ***
Total pot 550 | No rake
Seat 2: Rules900most (button) won 550


Winamax Poker - Tournament "Super Freeroll Stade 1 - Déglingos !" buyIn: 0€ + 0€ level: 1 - HandId: #713788569201672193-2-1470161126 - Holdem no limit (10/20) - 2016/08/02 18:05:26 UTC
Table: 'Super Freeroll Stade 1 - Déglingos !(166191852)#0' 6-max (real money) Seat #3 is the button
Seat 1: manggy94 (480)
Seat 2: Rules900most (550)
Seat 3: lo69290 (490)
Seat 4: Seevss (480)
Seat 5: Lyana01 (500)
Seat 6: JPCAA (500)
*** ANTE/BLINDS ***
Seevss posts small blind 10
Lyana01 posts big blind 20
Dealt to manggy94 [6d Jh]
*** PRE-FLOP *** 
JPCAA folds
manggy94 folds
Rules900most raises 530 to 550 and is all-in
lo69290 folds
Seevss folds
Lyana01 folds
Rules900most collected 580 from pot
*** SUMMARY ***
Total pot 580 | No rake
Seat 2: Rules900most won 580


Winamax Poker - Tournament "Super Freeroll Stade 1 - Déglingos !" buyIn: 0€ + 0€ level: 1 - HandId: #713788569201672193-3-1470161186 - Holdem no limit (10/20) - 2016/08/02 18:06:26 UTC
Table: 'Super Freeroll Stade 1 - Déglingos !(166191852)#0' 6-max (real money) Seat #4 is the button
Seat 1: manggy94 (480)
Seat 2: Rules900most (580)
Seat 3: lo69290 (490)
Seat 4: Seevss (470)
Seat 5: Lyana01 (480)
Seat 6: JPCAA (500)
*** ANTE/BLINDS ***
Lyana01 posts small blind 10
JPCAA posts big blind 20
Dealt to manggy94 [5s 3h]
*** PRE-FLOP *** 
manggy94 folds
Rules900most folds
lo69290 folds
Seevss calls 20
Lyana01 calls 10
JPCAA checks
*** FLOP *** [Qc Kd Qs]
Lyana01 checks
JPCAA checks
Seevss checks
*** TURN *** [Qc Kd Qs][Jc]
Lyana01 checks
JPCAA checks
Seevss checks
*** RIVER *** [Qc Kd Qs Jc][4c]
Lyana01 checks
JPCAA checks
Seevss checks
*** SHOW DOWN ***
Seevss shows [3c 3s] (Two pairs : Queens and 3)
JPCAA shows [2s Ad] (One pair : Queens)
Lyana01 shows [9c Ks] (Two pairs : Kings and Queens)
Lyana01 collected 60 from pot
*** SUMMARY ***
Total pot 60 | No rake
Board: [Qc Kd Qs Jc 4c]
Seat 4: Seevss (button) showed [3c 3s] and lost with Two pairs : Queens and 3
Seat 5: Lyana01 (small blind) showed [9c Ks] and won 60 with Two pairs : Kings and Queens
Seat 6: JPCAA (big blind) showed [2s Ad] and lost with One pair : Queens


Winamax Poker - Tournament "Super Freeroll Stade 1 - Déglingos !" buyIn: 0€ + 0€ level: 2 - HandId: #713788569201672193-4-1470161298 - Holdem no limit (15/30) - 2016/08/02 18:08:18 UTC
Table: 'Super Freeroll Stade 1 - Déglingos !(166191852)#0' 6-max (real money) Seat #5 is the button
Seat 1: manggy94 (480)
Seat 2: Rules900most (580)
Seat 3: lo69290 (490)
Seat 4: Seevss (450)
Seat 5: Lyana01 (520)
Seat 6: JPCAA (480)
*** ANTE/BLINDS ***
JPCAA posts small blind 15
manggy94 posts big blind 30
Dealt to manggy94 [Qs 6c]
*** PRE-FLOP *** 
Rules900most folds
lo69290 folds
Seevss folds
Lyana01 folds
JPCAA raises 450 to 480 and is all-in
manggy94 folds
JPCAA collected 510 from pot
*** SUMMARY ***
Total pot 510 | No rake
Seat 6: JPCAA (small blind) won 510


Winamax Poker - Tournament "Super Freeroll Stade 1 - Déglingos !" buyIn: 0€ + 0€ level: 2 - HandId: #713788569201672193-5-1470161370 - Holdem no limit (15/30) - 2016/08/02 18:09:30 UTC
Table: 'Super Freeroll Stade 1 - Déglingos !(166191852)#0' 6-max (real money) Seat #6 is the button
Seat 1: manggy94 (450)
Seat 2: Rules900most (580)
Seat 3: lo69290 (490)
Seat 4: Seevss (450)
Seat 5: Lyana01 (520)
Seat 6: JPCAA (510)
*** ANTE/BLINDS ***
manggy94 posts small blind 15
Rules900most posts big blind 30
Dealt to manggy94 [7d 3c]
*** PRE-FLOP *** 
lo69290 folds
Seevss folds
Lyana01 folds
JPCAA folds
manggy94 folds
Rules900most collected 45 from pot
*** SUMMARY ***
Total pot 45 | No rake
Seat 2: Rules900most (big blind) won 45


Winamax Poker - Tournament "Super Freeroll Stade 1 - Déglingos !" buyIn: 0€ + 0€ level: 2 - HandId: #713788569201672193-6-1470161398 - Holdem no limit (15/30) - 2016/08/02 18:09:58 UTC
Table: 'Super Freeroll Stade 1 - Déglingos !(166191852)#0' 6-max (real money) Seat #1 is the button
Seat 1: manggy94 (435)
Seat 2: Rules900most (595)
Seat 3: lo69290 (490)
Seat 4: Seevss (450)
Seat 5: Lyana01 (520)
Seat 6: JPCAA (510)
*** ANTE/BLINDS ***
Rules900most posts small blind 15
lo69290 posts big blind 30
Dealt to manggy94 [As Kd]
*** PRE-FLOP *** 
Seevss folds
Lyana01 calls 30
JPCAA folds
manggy94 raises 405 to 435 and is all-in
Rules900most folds
lo69290 folds
Lyana01 calls 405
*** FLOP *** [3s 4d Ah]
*** TURN *** [3s 4d Ah][Qd]
*** RIVER *** [3s 4d Ah Qd][3h]
*** SHOW DOWN ***
manggy94 shows [As Kd] (Two pairs : Aces and 3)
Lyana01 shows [4c Ac] (Two pairs : Aces and 4)
Lyana01 collected 915 from pot
*** SUMMARY ***
Total pot 915 | No rake
Board: [3s 4d Ah Qd 3h]
Seat 1: manggy94 (button) showed [As Kd] and lost with Two pairs : Aces and 3
Seat 5: Lyana01 showed [4c Ac] and won 915 with Two pairs : Aces and 4


