Winamax Poker - Tournament "Kill The Fish" buyIn: 4.50€ + 0.50€ level: 6 - HandId: #699874425645826064-23-1468078371 - Holdem no limit (25/150/300) - 2016/07/09 15:32:51 UTC
Table: 'Kill The Fish(162952213)#015' 8-max (real money) Seat #4 is the button
Seat 1: manwill33 (11887)
Seat 2: JaySparrow33 (9300)
Seat 3: Pilgood (18575)
Seat 5: Iroquois93 (28325)
Seat 6: T.M7 (25013)
Seat 7: seventy six (6900)
Seat 8: manggy94 (10000)
*** ANTE/BLINDS ***
Iroquois93 posts ante 25
T.M7 posts ante 25
manwill33 posts ante 25
JaySparrow33 posts ante 25
Pilgood posts ante 25
seventy six posts ante 25
manggy94 posts ante 25
Iroquois93 posts small blind 150
T.M7 posts big blind 300
Dealt to manggy94 [8s 6h]
*** PRE-FLOP *** 
seventy six folds
manggy94 folds
manwill33 folds
JaySparrow33 folds
Pilgood folds
Iroquois93 folds
T.M7 collected 625 from pot
*** SUMMARY ***
Total pot 625 | No rake
Seat 6: T.M7 (big blind) won 625


Winamax Poker - Tournament "Kill The Fish" buyIn: 4.50€ + 0.50€ level: 7 - HandId: #699874425645826064-24-1468078392 - Holdem no limit (30/200/400) - 2016/07/09 15:33:12 UTC
Table: 'Kill The Fish(162952213)#015' 8-max (real money) Seat #5 is the button
Seat 1: manwill33 (11862)
Seat 2: JaySparrow33 (9275)
Seat 3: Pilgood (18550)
Seat 4: ChuK-maurice (10000)
Seat 5: Iroquois93 (28150)
Seat 6: T.M7 (25313)
Seat 7: seventy six (6875)
Seat 8: manggy94 (9975)
*** ANTE/BLINDS ***
T.M7 posts ante 30
seventy six posts ante 30
manwill33 posts ante 30
JaySparrow33 posts ante 30
Pilgood posts ante 30
ChuK-maurice posts ante 30
Iroquois93 posts ante 30
manggy94 posts ante 30
T.M7 posts small blind 200
seventy six posts big blind 400
Dealt to manggy94 [Jc 6d]
*** PRE-FLOP *** 
manggy94 folds
manwill33 folds
JaySparrow33 folds
Pilgood folds
ChuK-maurice calls 400
Iroquois93 calls 400
T.M7 calls 200
seventy six checks
*** FLOP *** [Ah Jd 2h]
T.M7 checks
seventy six checks
ChuK-maurice checks
Iroquois93 checks
*** TURN *** [Ah Jd 2h][Jh]
T.M7 checks
seventy six checks
ChuK-maurice checks
Iroquois93 checks
*** RIVER *** [Ah Jd 2h Jh][6s]
T.M7 checks
seventy six folds
ChuK-maurice checks
Iroquois93 checks
*** SHOW DOWN ***
ChuK-maurice shows [Th 7d] (One pair : Jacks)
T.M7 shows [8c 9s] (One pair : Jacks)
Iroquois93 shows [9h Qd] (One pair : Jacks)
Iroquois93 collected 1840 from pot
*** SUMMARY ***
Total pot 1840 | No rake
Board: [Ah Jd 2h Jh 6s]
Seat 4: ChuK-maurice showed [Th 7d] and lost with One pair : Jacks
Seat 5: Iroquois93 (button) showed [9h Qd] and won 1840 with One pair : Jacks
Seat 6: T.M7 (small blind) showed [8c 9s] and lost with One pair : Jacks


Winamax Poker - Tournament "Kill The Fish" buyIn: 4.50€ + 0.50€ level: 7 - HandId: #699874425645826064-25-1468078493 - Holdem no limit (30/200/400) - 2016/07/09 15:34:53 UTC
Table: 'Kill The Fish(162952213)#015' 8-max (real money) Seat #6 is the button
Seat 1: manwill33 (11832)
Seat 2: JaySparrow33 (9245)
Seat 3: Pilgood (18520)
Seat 4: ChuK-maurice (9570)
Seat 5: Iroquois93 (29560)
Seat 6: T.M7 (24883)
Seat 7: seventy six (6445)
Seat 8: manggy94 (9945)
*** ANTE/BLINDS ***
seventy six posts ante 30
manggy94 posts ante 30
manwill33 posts ante 30
JaySparrow33 posts ante 30
Pilgood posts ante 30
ChuK-maurice posts ante 30
Iroquois93 posts ante 30
T.M7 posts ante 30
seventy six posts small blind 200
manggy94 posts big blind 400
Dealt to manggy94 [4s Kc]
*** PRE-FLOP *** 
manwill33 raises 1200 to 1600
JaySparrow33 folds
Pilgood folds
ChuK-maurice calls 1600
Iroquois93 folds
T.M7 folds
seventy six folds
manggy94 folds
*** FLOP *** [5d Qs 7s]
manwill33 bets 3030
ChuK-maurice calls 3030
*** TURN *** [5d Qs 7s][3s]
manwill33 checks
ChuK-maurice bets 4910 and is all-in
manwill33 folds
ChuK-maurice collected 15010 from pot
*** SUMMARY ***
Total pot 15010 | No rake
Board: [5d Qs 7s 3s]
Seat 4: ChuK-maurice won 15010


Winamax Poker - Tournament "Kill The Fish" buyIn: 4.50€ + 0.50€ level: 7 - HandId: #699874425645826064-26-1468078547 - Holdem no limit (30/200/400) - 2016/07/09 15:35:47 UTC
Table: 'Kill The Fish(162952213)#015' 8-max (real money) Seat #7 is the button
Seat 1: manwill33 (7172)
Seat 2: JaySparrow33 (9215)
Seat 3: Pilgood (18490)
Seat 4: ChuK-maurice (15010)
Seat 5: Iroquois93 (29530)
Seat 6: T.M7 (24853)
Seat 7: seventy six (6215)
Seat 8: manggy94 (9515)
*** ANTE/BLINDS ***
manggy94 posts ante 30
manwill33 posts ante 30
JaySparrow33 posts ante 30
Pilgood posts ante 30
ChuK-maurice posts ante 30
Iroquois93 posts ante 30
T.M7 posts ante 30
seventy six posts ante 30
manggy94 posts small blind 200
manwill33 posts big blind 400
Dealt to manggy94 [9c Ts]
*** PRE-FLOP *** 
JaySparrow33 folds
Pilgood folds
ChuK-maurice calls 400
Iroquois93 folds
T.M7 raises 564 to 964
seventy six folds
manggy94 folds
manwill33 folds
ChuK-maurice folds
T.M7 collected 2204 from pot
*** SUMMARY ***
Total pot 2204 | No rake
Seat 6: T.M7 won 2204


Winamax Poker - Tournament "Kill The Fish" buyIn: 4.50€ + 0.50€ level: 8 - HandId: #699874425645826064-27-1468078601 - Holdem no limit (40/250/500) - 2016/07/09 15:36:41 UTC
Table: 'Kill The Fish(162952213)#015' 8-max (real money) Seat #8 is the button
Seat 1: manwill33 (6742)
Seat 2: JaySparrow33 (9185)
Seat 3: Pilgood (18460)
Seat 4: ChuK-maurice (14580)
Seat 5: Iroquois93 (29500)
Seat 6: T.M7 (26063)
Seat 7: seventy six (6185)
Seat 8: manggy94 (9285)
*** ANTE/BLINDS ***
manwill33 posts ante 40
JaySparrow33 posts ante 40
Pilgood posts ante 40
ChuK-maurice posts ante 40
Iroquois93 posts ante 40
T.M7 posts ante 40
seventy six posts ante 40
manggy94 posts ante 40
manwill33 posts small blind 250
JaySparrow33 posts big blind 500
Dealt to manggy94 [9c Qh]
*** PRE-FLOP *** 
Pilgood calls 500
ChuK-maurice calls 500
Iroquois93 calls 500
T.M7 raises 935 to 1435
seventy six folds
manggy94 folds
manwill33 folds
JaySparrow33 folds
Pilgood raises 4940 to 6375
ChuK-maurice folds
Iroquois93 folds
T.M7 folds
Pilgood collected 9880 from pot
*** SUMMARY ***
Total pot 9880 | No rake
Seat 3: Pilgood won 9880


Winamax Poker - Tournament "Kill The Fish" buyIn: 4.50€ + 0.50€ level: 8 - HandId: #699874425645826064-28-1468078666 - Holdem no limit (40/250/500) - 2016/07/09 15:37:46 UTC
Table: 'Kill The Fish(162952213)#015' 8-max (real money) Seat #1 is the button
Seat 1: manwill33 (6452)
Seat 2: JaySparrow33 (8645)
Seat 3: Pilgood (21925)
Seat 4: ChuK-maurice (14040)
Seat 5: Iroquois93 (28960)
Seat 6: T.M7 (24588)
Seat 7: seventy six (6145)
Seat 8: manggy94 (9245)
*** ANTE/BLINDS ***
JaySparrow33 posts ante 40
Pilgood posts ante 40
manwill33 posts ante 40
ChuK-maurice posts ante 40
Iroquois93 posts ante 40
T.M7 posts ante 40
seventy six posts ante 40
manggy94 posts ante 40
JaySparrow33 posts small blind 250
Pilgood posts big blind 500
Dealt to manggy94 [7s 3h]
*** PRE-FLOP *** 
ChuK-maurice folds
Iroquois93 raises 500 to 1000
T.M7 folds
seventy six folds
manggy94 folds
manwill33 folds
JaySparrow33 folds
Pilgood folds
Iroquois93 collected 2070 from pot
*** SUMMARY ***
Total pot 2070 | No rake
Seat 5: Iroquois93 won 2070


Winamax Poker - Tournament "Kill The Fish" buyIn: 4.50€ + 0.50€ level: 8 - HandId: #699874425645826064-29-1468078689 - Holdem no limit (40/250/500) - 2016/07/09 15:38:09 UTC
Table: 'Kill The Fish(162952213)#015' 8-max (real money) Seat #2 is the button
Seat 1: manwill33 (6412)
Seat 2: JaySparrow33 (8355)
Seat 3: Pilgood (21385)
Seat 4: ChuK-maurice (14000)
Seat 5: Iroquois93 (29990)
Seat 6: T.M7 (24548)
Seat 7: seventy six (6105)
Seat 8: manggy94 (9205)
*** ANTE/BLINDS ***
Pilgood posts ante 40
ChuK-maurice posts ante 40
manwill33 posts ante 40
JaySparrow33 posts ante 40
Iroquois93 posts ante 40
T.M7 posts ante 40
seventy six posts ante 40
manggy94 posts ante 40
Pilgood posts small blind 250
ChuK-maurice posts big blind 500
Dealt to manggy94 [Kd Jh]
*** PRE-FLOP *** 
Iroquois93 folds
T.M7 folds
seventy six folds
manggy94 calls 500
manwill33 calls 500
JaySparrow33 folds
Pilgood calls 250
ChuK-maurice checks
*** FLOP *** [Kh 5h 7h]
Pilgood bets 500
ChuK-maurice folds
manggy94 calls 500
manwill33 raises 5372 to 5872 and is all-in
Pilgood folds
manggy94 calls 5372
*** TURN *** [Kh 5h 7h][7s]
*** RIVER *** [Kh 5h 7h 7s][Kc]
*** SHOW DOWN ***
manwill33 shows [6s Ks] (Full of Kings and 7)
manggy94 shows [Kd Jh] (Full of Kings and 7)
manggy94 collected 7282 from pot
manwill33 collected 7282 from pot
*** SUMMARY ***
Total pot 14564 | No rake
Board: [Kh 5h 7h 7s Kc]
Seat 1: manwill33 showed [6s Ks] and won 7282 with Full of Kings and 7
Seat 8: manggy94 showed [Kd Jh] and won 7282 with Full of Kings and 7


Winamax Poker - Tournament "Kill The Fish" buyIn: 4.50€ + 0.50€ level: 9 - HandId: #699874425645826064-30-1468078757 - Holdem no limit (60/300/600) - 2016/07/09 15:39:17 UTC
Table: 'Kill The Fish(162952213)#015' 8-max (real money) Seat #3 is the button
Seat 1: manwill33 (7282)
Seat 2: JaySparrow33 (8315)
Seat 3: Pilgood (20345)
Seat 4: ChuK-maurice (13460)
Seat 5: Iroquois93 (29950)
Seat 6: T.M7 (24508)
Seat 7: seventy six (6065)
Seat 8: manggy94 (10075)
*** ANTE/BLINDS ***
ChuK-maurice posts ante 60
Iroquois93 posts ante 60
manwill33 posts ante 60
JaySparrow33 posts ante 60
Pilgood posts ante 60
T.M7 posts ante 60
seventy six posts ante 60
manggy94 posts ante 60
ChuK-maurice posts small blind 300
Iroquois93 posts big blind 600
Dealt to manggy94 [3s Ts]
*** PRE-FLOP *** 
T.M7 raises 600 to 1200
seventy six folds
manggy94 folds
manwill33 raises 5466 to 6666
JaySparrow33 folds
Pilgood folds
ChuK-maurice folds
Iroquois93 calls 6066
T.M7 raises 17782 to 24448 and is all-in
manwill33 calls 556 and is all-in
Iroquois93 folds
*** FLOP *** [Ks 3h Jh]
*** TURN *** [Ks 3h Jh][Jc]
*** RIVER *** [Ks 3h Jh Jc][4s]
*** SHOW DOWN ***
manwill33 shows [Kd 9d] (Two pairs : Kings and Jacks)
T.M7 shows [As Qd] (One pair : Jacks)
T.M7 collected 17226 from side pot 1
manwill33 collected 21890 from main pot
*** SUMMARY ***
Total pot 39116 | No rake
Board: [Ks 3h Jh Jc 4s]
Seat 1: manwill33 showed [Kd 9d] and won 21890 with Two pairs : Kings and Jacks
Seat 6: T.M7 showed [As Qd] and won 17226 with One pair : Jacks


Winamax Poker - Tournament "Kill The Fish" buyIn: 4.50€ + 0.50€ level: 9 - HandId: #699874425645826064-31-1468078821 - Holdem no limit (60/300/600) - 2016/07/09 15:40:21 UTC
Table: 'Kill The Fish(162952213)#015' 8-max (real money) Seat #4 is the button
Seat 1: manwill33 (21890)
Seat 2: JaySparrow33 (8255)
Seat 3: Pilgood (20285)
Seat 4: ChuK-maurice (13100)
Seat 5: Iroquois93 (23224)
Seat 6: T.M7 (17226)
Seat 7: seventy six (6005)
Seat 8: manggy94 (10015)
*** ANTE/BLINDS ***
Iroquois93 posts ante 60
T.M7 posts ante 60
manwill33 posts ante 60
JaySparrow33 posts ante 60
Pilgood posts ante 60
ChuK-maurice posts ante 60
seventy six posts ante 60
manggy94 posts ante 60
Iroquois93 posts small blind 300
T.M7 posts big blind 600
Dealt to manggy94 [3h Jd]
*** PRE-FLOP *** 
seventy six folds
manggy94 folds
manwill33 raises 600 to 1200
JaySparrow33 folds
Pilgood folds
ChuK-maurice raises 3780 to 4980
Iroquois93 folds
T.M7 folds
manwill33 calls 3780
*** FLOP *** [Ad 4h 2h]
manwill33 checks
ChuK-maurice bets 1235
manwill33 calls 1235
*** TURN *** [Ad 4h 2h][3d]
manwill33 checks
ChuK-maurice bets 6825 and is all-in
manwill33 folds
ChuK-maurice collected 20635 from pot
*** SUMMARY ***
Total pot 20635 | No rake
Board: [Ad 4h 2h 3d]
Seat 4: ChuK-maurice (button) won 20635


Winamax Poker - Tournament "Kill The Fish" buyIn: 4.50€ + 0.50€ level: 9 - HandId: #699874425645826064-32-1468078909 - Holdem no limit (60/300/600) - 2016/07/09 15:41:49 UTC
Table: 'Kill The Fish(162952213)#015' 8-max (real money) Seat #5 is the button
Seat 1: manwill33 (15615)
Seat 2: JaySparrow33 (8195)
Seat 3: Pilgood (20225)
Seat 4: ChuK-maurice (20635)
Seat 5: Iroquois93 (22864)
Seat 6: T.M7 (16566)
Seat 7: seventy six (5945)
Seat 8: manggy94 (9955)
*** ANTE/BLINDS ***
T.M7 posts ante 60
seventy six posts ante 60
manwill33 posts ante 60
JaySparrow33 posts ante 60
Pilgood posts ante 60
ChuK-maurice posts ante 60
Iroquois93 posts ante 60
manggy94 posts ante 60
T.M7 posts small blind 300
seventy six posts big blind 600
Dealt to manggy94 [7d 8h]
*** PRE-FLOP *** 
manggy94 folds
manwill33 folds
JaySparrow33 raises 7535 to 8135 and is all-in
Pilgood folds
ChuK-maurice folds
Iroquois93 folds
T.M7 folds
seventy six folds
JaySparrow33 collected 9515 from pot
*** SUMMARY ***
Total pot 9515 | No rake
Seat 2: JaySparrow33 won 9515


Winamax Poker - Tournament "Kill The Fish" buyIn: 4.50€ + 0.50€ level: 10 - HandId: #699874425645826064-33-1468078968 - Holdem no limit (75/400/800) - 2016/07/09 15:42:48 UTC
Table: 'Kill The Fish(162952213)#015' 8-max (real money) Seat #6 is the button
Seat 1: manwill33 (15555)
Seat 2: JaySparrow33 (9515)
Seat 3: Pilgood (20165)
Seat 4: ChuK-maurice (20575)
Seat 5: Iroquois93 (22804)
Seat 6: T.M7 (16206)
Seat 7: seventy six (5285)
Seat 8: manggy94 (9895)
*** ANTE/BLINDS ***
seventy six posts ante 75
manggy94 posts ante 75
manwill33 posts ante 75
JaySparrow33 posts ante 75
Pilgood posts ante 75
ChuK-maurice posts ante 75
Iroquois93 posts ante 75
T.M7 posts ante 75
seventy six posts small blind 400
manggy94 posts big blind 800
Dealt to manggy94 [3c 5h]
*** PRE-FLOP *** 
manwill33 folds
JaySparrow33 folds
Pilgood raises 800 to 1600
ChuK-maurice folds
Iroquois93 folds
T.M7 folds
seventy six folds
manggy94 folds
Pilgood collected 3400 from pot
*** SUMMARY ***
Total pot 3400 | No rake
Seat 3: Pilgood won 3400


Winamax Poker - Tournament "Kill The Fish" buyIn: 4.50€ + 0.50€ level: 10 - HandId: #699874425645826064-34-1468079000 - Holdem no limit (75/400/800) - 2016/07/09 15:43:20 UTC
Table: 'Kill The Fish(162952213)#015' 8-max (real money) Seat #7 is the button
Seat 1: manwill33 (15480)
Seat 2: JaySparrow33 (9440)
Seat 3: Pilgood (21890)
Seat 4: ChuK-maurice (20500)
Seat 5: Iroquois93 (22729)
Seat 6: T.M7 (16131)
Seat 7: seventy six (4810)
Seat 8: manggy94 (9020)
*** ANTE/BLINDS ***
manggy94 posts ante 75
manwill33 posts ante 75
JaySparrow33 posts ante 75
Pilgood posts ante 75
ChuK-maurice posts ante 75
Iroquois93 posts ante 75
T.M7 posts ante 75
seventy six posts ante 75
manggy94 posts small blind 400
manwill33 posts big blind 800
Dealt to manggy94 [Qh Qd]
*** PRE-FLOP *** 
JaySparrow33 folds
Pilgood folds
ChuK-maurice calls 800
Iroquois93 folds
T.M7 calls 800
seventy six folds
manggy94 raises 800 to 1600
manwill33 calls 800
ChuK-maurice calls 800
T.M7 calls 800
*** FLOP *** [Kc 3d As]
manggy94 checks
manwill33 bets 4667
ChuK-maurice folds
T.M7 calls 4667
manggy94 folds
*** TURN *** [Kc 3d As][4s]
manwill33 bets 9138 and is all-in
T.M7 calls 9138
*** RIVER *** [Kc 3d As 4s][Ac]
*** SHOW DOWN ***
manwill33 shows [Ks 6s] (Two pairs : Aces and Kings)
T.M7 shows [7d Ad] (Trips of Aces)
T.M7 collected 34610 from pot
*** SUMMARY ***
Total pot 34610 | No rake
Board: [Kc 3d As 4s Ac]
Seat 1: manwill33 (big blind) showed [Ks 6s] and lost with Two pairs : Aces and Kings
Seat 6: T.M7 showed [7d Ad] and won 34610 with Trips of Aces


Winamax Poker - Tournament "Kill The Fish" buyIn: 4.50€ + 0.50€ level: 10 - HandId: #699874425645826064-35-1468079076 - Holdem no limit (75/400/800) - 2016/07/09 15:44:36 UTC
Table: 'Kill The Fish(162952213)#015' 8-max (real money) Seat #8 is the button
Seat 2: JaySparrow33 (9365)
Seat 3: Pilgood (21815)
Seat 4: ChuK-maurice (18825)
Seat 5: Iroquois93 (22654)
Seat 6: T.M7 (35261)
Seat 7: seventy six (4735)
Seat 8: manggy94 (7345)
*** ANTE/BLINDS ***
JaySparrow33 posts ante 75
Pilgood posts ante 75
ChuK-maurice posts ante 75
Iroquois93 posts ante 75
T.M7 posts ante 75
seventy six posts ante 75
manggy94 posts ante 75
JaySparrow33 posts big blind 800
Dealt to manggy94 [5d Tc]
*** PRE-FLOP *** 
Pilgood folds
ChuK-maurice folds
Iroquois93 folds
T.M7 folds
seventy six folds
manggy94 calls 800
JaySparrow33 checks
*** FLOP *** [9d 2h Kh]
JaySparrow33 checks
manggy94 bets 800
JaySparrow33 folds
manggy94 collected 2925 from pot
*** SUMMARY ***
Total pot 2925 | No rake
Board: [9d 2h Kh]
Seat 8: manggy94 (button) won 2925


Winamax Poker - Tournament "Kill The Fish" buyIn: 4.50€ + 0.50€ level: 11 - HandId: #699874425645826064-36-1468079141 - Holdem no limit (100/500/1000) - 2016/07/09 15:45:41 UTC
Table: 'Kill The Fish(162952213)#015' 8-max (real money) Seat #1 is the button
Seat 1: NitBandit (8810)
Seat 2: JaySparrow33 (8490)
Seat 3: Pilgood (21740)
Seat 4: ChuK-maurice (18750)
Seat 5: Iroquois93 (22579)
Seat 6: T.M7 (35186)
Seat 7: seventy six (4660)
Seat 8: manggy94 (8595)
*** ANTE/BLINDS ***
JaySparrow33 posts ante 100
Pilgood posts ante 100
ChuK-maurice posts ante 100
Iroquois93 posts ante 100
T.M7 posts ante 100
seventy six posts ante 100
manggy94 posts ante 100
JaySparrow33 posts small blind 500
Pilgood posts big blind 1000
Dealt to manggy94 [Jd Tc]
*** PRE-FLOP *** 
ChuK-maurice raises 1000 to 2000
Iroquois93 folds
T.M7 raises 2820 to 4820
seventy six folds
manggy94 folds
JaySparrow33 raises 3570 to 8390 and is all-in
Pilgood folds
ChuK-maurice folds
T.M7 calls 3570
*** FLOP *** [5c 6c Qs]
*** TURN *** [5c 6c Qs][7s]
*** RIVER *** [5c 6c Qs 7s][2c]
*** SHOW DOWN ***
T.M7 shows [Ah Jh] (High card : Ace)
JaySparrow33 shows [2s 2d] (Trips of 2)
JaySparrow33 collected 20480 from pot
*** SUMMARY ***
Total pot 20480 | No rake
Board: [5c 6c Qs 7s 2c]
Seat 2: JaySparrow33 (small blind) showed [2s 2d] and won 20480 with Trips of 2
Seat 6: T.M7 showed [Ah Jh] and lost with High card : Ace


Winamax Poker - Tournament "Kill The Fish" buyIn: 4.50€ + 0.50€ level: 11 - HandId: #699874425645826064-37-1468079197 - Holdem no limit (100/500/1000) - 2016/07/09 15:46:37 UTC
Table: 'Kill The Fish(162952213)#015' 8-max (real money) Seat #2 is the button
Seat 1: NitBandit (8810)
Seat 2: JaySparrow33 (20480)
Seat 3: Pilgood (20640)
Seat 4: ChuK-maurice (16650)
Seat 5: Iroquois93 (22479)
Seat 6: T.M7 (26696)
Seat 7: seventy six (4560)
Seat 8: manggy94 (8495)
*** ANTE/BLINDS ***
Pilgood posts ante 100
ChuK-maurice posts ante 100
NitBandit posts ante 100
JaySparrow33 posts ante 100
Iroquois93 posts ante 100
T.M7 posts ante 100
seventy six posts ante 100
manggy94 posts ante 100
Pilgood posts small blind 500
ChuK-maurice posts big blind 1000
Dealt to manggy94 [9c Js]
*** PRE-FLOP *** 
Iroquois93 folds
T.M7 raises 1000 to 2000
seventy six folds
manggy94 folds
NitBandit folds
JaySparrow33 folds
Pilgood folds
ChuK-maurice folds
T.M7 collected 4300 from pot
*** SUMMARY ***
Total pot 4300 | No rake
Seat 6: T.M7 won 4300


Winamax Poker - Tournament "Kill The Fish" buyIn: 4.50€ + 0.50€ level: 11 - HandId: #699874425645826064-38-1468079221 - Holdem no limit (100/500/1000) - 2016/07/09 15:47:01 UTC
Table: 'Kill The Fish(162952213)#015' 8-max (real money) Seat #3 is the button
Seat 1: NitBandit (8710)
Seat 2: JaySparrow33 (20380)
Seat 3: Pilgood (20040)
Seat 4: ChuK-maurice (15550)
Seat 5: Iroquois93 (22379)
Seat 6: T.M7 (28896)
Seat 7: seventy six (4460)
Seat 8: manggy94 (8395)
*** ANTE/BLINDS ***
ChuK-maurice posts ante 100
Iroquois93 posts ante 100
NitBandit posts ante 100
JaySparrow33 posts ante 100
Pilgood posts ante 100
T.M7 posts ante 100
seventy six posts ante 100
manggy94 posts ante 100
ChuK-maurice posts small blind 500
Iroquois93 posts big blind 1000
Dealt to manggy94 [5s Qc]
*** PRE-FLOP *** 
T.M7 folds
seventy six raises 3360 to 4360 and is all-in
manggy94 folds
NitBandit raises 4250 to 8610 and is all-in
JaySparrow33 folds
Pilgood folds
ChuK-maurice folds
Iroquois93 raises 13669 to 22279 and is all-in
*** FLOP *** [Ac Jd 9h]
*** TURN *** [Ac Jd 9h][4s]
*** RIVER *** [Ac Jd 9h 4s][Ad]
*** SHOW DOWN ***
seventy six shows [5c 6c] (One pair : Aces)
NitBandit shows [As 4d] (Full of Aces and 4)
Iroquois93 shows [Ah Ks] (Trips of Aces)
Iroquois93 collected 13669 from side pot 1
NitBandit collected 22880 from main pot
*** SUMMARY ***
Total pot 36549 | No rake
Board: [Ac Jd 9h 4s Ad]
Seat 1: NitBandit showed [As 4d] and won 22880 with Full of Aces and 4
Seat 5: Iroquois93 (big blind) showed [Ah Ks] and won 13669 with Trips of Aces
Seat 7: seventy six showed [5c 6c] and lost with One pair : Aces


Winamax Poker - Tournament "Kill The Fish" buyIn: 4.50€ + 0.50€ level: 11 - HandId: #699874425645826064-39-1468079253 - Holdem no limit (100/500/1000) - 2016/07/09 15:47:33 UTC
Table: 'Kill The Fish(162952213)#015' 8-max (real money) Seat #4 is the button
Seat 1: NitBandit (22880)
Seat 2: JaySparrow33 (20280)
Seat 3: Pilgood (19940)
Seat 4: ChuK-maurice (14950)
Seat 5: Iroquois93 (13669)
Seat 6: T.M7 (28796)
Seat 8: manggy94 (8295)
*** ANTE/BLINDS ***
Iroquois93 posts ante 100
T.M7 posts ante 100
NitBandit posts ante 100
JaySparrow33 posts ante 100
Pilgood posts ante 100
ChuK-maurice posts ante 100
manggy94 posts ante 100
Iroquois93 posts small blind 500
T.M7 posts big blind 1000
Dealt to manggy94 [4d Jd]
*** PRE-FLOP *** 
manggy94 folds
NitBandit raises 1000 to 2000
JaySparrow33 folds
Pilgood folds
ChuK-maurice calls 2000
Iroquois93 raises 11569 to 13569 and is all-in
T.M7 folds
NitBandit raises 9211 to 22780 and is all-in
ChuK-maurice calls 12850 and is all-in
*** FLOP *** [8s 6h 8c]
*** TURN *** [8s 6h 8c][Ah]
*** RIVER *** [8s 6h 8c Ah][4c]
*** SHOW DOWN ***
ChuK-maurice shows [Jh Qh] (One pair : 8)
Iroquois93 shows [Ts Ks] (One pair : 8)
NitBandit shows [Kc Ad] (Two pairs : Aces and 8)
NitBandit collected 52899 from pot
*** SUMMARY ***
Total pot 52899 | No rake
Board: [8s 6h 8c Ah 4c]
Seat 1: NitBandit showed [Kc Ad] and won 52899 with Two pairs : Aces and 8
Seat 4: ChuK-maurice (button) showed [Jh Qh] and lost with One pair : 8
Seat 5: Iroquois93 (small blind) showed [Ts Ks] and lost with One pair : 8


Winamax Poker - Tournament "Kill The Fish" buyIn: 4.50€ + 0.50€ level: 12 - HandId: #699874425645826064-40-1468079299 - Holdem no limit (150/600/1200) - 2016/07/09 15:48:19 UTC
Table: 'Kill The Fish(162952213)#015' 8-max (real money) Seat #5 is the button
Seat 1: NitBandit (52899)
Seat 2: JaySparrow33 (20180)
Seat 3: Pilgood (19840)
Seat 6: T.M7 (27696)
Seat 8: manggy94 (8195)
*** ANTE/BLINDS ***
T.M7 posts ante 150
manggy94 posts ante 150
NitBandit posts ante 150
JaySparrow33 posts ante 150
Pilgood posts ante 150
T.M7 posts small blind 600
manggy94 posts big blind 1200
Dealt to manggy94 [9s Js]
*** PRE-FLOP *** 
NitBandit folds
JaySparrow33 raises 18830 to 20030 and is all-in
Pilgood folds
T.M7 folds
manggy94 folds
JaySparrow33 collected 22580 from pot
*** SUMMARY ***
Total pot 22580 | No rake
Seat 2: JaySparrow33 won 22580


Winamax Poker - Tournament "Kill The Fish" buyIn: 4.50€ + 0.50€ level: 12 - HandId: #699874425645826064-41-1468079335 - Holdem no limit (150/600/1200) - 2016/07/09 15:48:55 UTC
Table: 'Kill The Fish(162952213)#015' 8-max (real money) Seat #6 is the button
Seat 1: NitBandit (52749)
Seat 2: JaySparrow33 (22580)
Seat 3: Pilgood (19690)
Seat 4: winneuse36 (48770)
Seat 5: gdf19 (19700)
Seat 6: T.M7 (26946)
Seat 7: lacoumba13 (8120)
Seat 8: manggy94 (6845)
*** ANTE/BLINDS ***
manggy94 posts ante 150
NitBandit posts ante 150
JaySparrow33 posts ante 150
Pilgood posts ante 150
winneuse36 posts ante 150
gdf19 posts ante 150
T.M7 posts ante 150
manggy94 posts small blind 600
NitBandit posts big blind 1200
Dealt to manggy94 [8c Qh]
*** PRE-FLOP *** 
JaySparrow33 folds
Pilgood folds
winneuse36 folds
gdf19 folds
T.M7 folds
manggy94 calls 600
NitBandit raises 51399 to 52599 and is all-in
manggy94 folds
NitBandit collected 54849 from pot
*** SUMMARY ***
Total pot 54849 | No rake
Seat 1: NitBandit (big blind) won 54849


Winamax Poker - Tournament "Kill The Fish" buyIn: 4.50€ + 0.50€ level: 12 - HandId: #699874425645826064-42-1468079355 - Holdem no limit (150/600/1200) - 2016/07/09 15:49:15 UTC
Table: 'Kill The Fish(162952213)#015' 8-max (real money) Seat #8 is the button
Seat 1: NitBandit (54849)
Seat 2: JaySparrow33 (22430)
Seat 3: Pilgood (19540)
Seat 4: winneuse36 (48620)
Seat 5: gdf19 (19550)
Seat 6: T.M7 (26796)
Seat 7: lacoumba13 (8120)
Seat 8: manggy94 (5495)
*** ANTE/BLINDS ***
NitBandit posts ante 150
JaySparrow33 posts ante 150
Pilgood posts ante 150
winneuse36 posts ante 150
gdf19 posts ante 150
T.M7 posts ante 150
lacoumba13 posts ante 150
manggy94 posts ante 150
NitBandit posts small blind 600
JaySparrow33 posts big blind 1200
Dealt to manggy94 [Jd Th]
*** PRE-FLOP *** 
Pilgood raises 2400 to 3600
winneuse36 folds
gdf19 folds
T.M7 folds
lacoumba13 folds
manggy94 folds
NitBandit folds
JaySparrow33 calls 2400
*** FLOP *** [5c 9d 7h]
JaySparrow33 checks
Pilgood bets 4500
JaySparrow33 raises 14180 to 18680 and is all-in
Pilgood calls 11290 and is all-in
*** TURN *** [5c 9d 7h][Tc]
*** RIVER *** [5c 9d 7h Tc][7c]
*** SHOW DOWN ***
Pilgood shows [Ad Qc] (One pair : 7)
JaySparrow33 shows [4s 4c] (Two pairs : 7 and 4)
JaySparrow33 collected 43470 from pot
*** SUMMARY ***
Total pot 43470 | No rake
Board: [5c 9d 7h Tc 7c]
Seat 2: JaySparrow33 (big blind) showed [4s 4c] and won 43470 with Two pairs : 7 and 4
Seat 3: Pilgood showed [Ad Qc] and lost with One pair : 7


Winamax Poker - Tournament "Kill The Fish" buyIn: 4.50€ + 0.50€ level: 12 - HandId: #699874425645826064-43-1468079405 - Holdem no limit (150/600/1200) - 2016/07/09 15:50:05 UTC
Table: 'Kill The Fish(162952213)#015' 8-max (real money) Seat #1 is the button
Seat 1: NitBandit (54099)
Seat 2: JaySparrow33 (43470)
Seat 4: winneuse36 (48470)
Seat 5: gdf19 (19400)
Seat 6: T.M7 (26646)
Seat 7: lacoumba13 (7970)
Seat 8: manggy94 (5345)
*** ANTE/BLINDS ***
JaySparrow33 posts ante 150
winneuse36 posts ante 150
NitBandit posts ante 150
gdf19 posts ante 150
T.M7 posts ante 150
lacoumba13 posts ante 150
manggy94 posts ante 150
JaySparrow33 posts small blind 600
winneuse36 posts big blind 1200
Dealt to manggy94 [Qs Kc]
*** PRE-FLOP *** 
gdf19 folds
T.M7 raises 1692 to 2892
lacoumba13 folds
manggy94 folds
NitBandit folds
JaySparrow33 folds
winneuse36 folds
T.M7 collected 5742 from pot
*** SUMMARY ***
Total pot 5742 | No rake
Seat 6: T.M7 won 5742


Winamax Poker - Tournament "Kill The Fish" buyIn: 4.50€ + 0.50€ level: 12 - HandId: #699874425645826064-44-1468079445 - Holdem no limit (150/600/1200) - 2016/07/09 15:50:45 UTC
Table: 'Kill The Fish(162952213)#015' 8-max (real money) Seat #2 is the button
Seat 1: NitBandit (53949)
Seat 2: JaySparrow33 (42720)
Seat 3: NC327SMCL (21320)
Seat 4: winneuse36 (47120)
Seat 5: gdf19 (19250)
Seat 6: T.M7 (29346)
Seat 7: lacoumba13 (7820)
Seat 8: manggy94 (5195)
*** ANTE/BLINDS ***
winneuse36 posts ante 150
gdf19 posts ante 150
NitBandit posts ante 150
JaySparrow33 posts ante 150
T.M7 posts ante 150
lacoumba13 posts ante 150
manggy94 posts ante 150
winneuse36 posts small blind 600
gdf19 posts big blind 1200
Dealt to manggy94 [8h 7c]
*** PRE-FLOP *** 
T.M7 folds
lacoumba13 folds
manggy94 folds
NitBandit folds
JaySparrow33 folds
winneuse36 calls 600
gdf19 checks
*** FLOP *** [7d 3d Jh]
winneuse36 checks
gdf19 bets 1725
winneuse36 folds
gdf19 collected 5175 from pot
*** SUMMARY ***
Total pot 5175 | No rake
Board: [7d 3d Jh]
Seat 5: gdf19 (big blind) won 5175


Winamax Poker - Tournament "Kill The Fish" buyIn: 4.50€ + 0.50€ level: 13 - HandId: #699874425645826064-45-1468079479 - Holdem no limit (180/800/1600) - 2016/07/09 15:51:19 UTC
Table: 'Kill The Fish(162952213)#015' 8-max (real money) Seat #4 is the button
Seat 1: NitBandit (53799)
Seat 2: JaySparrow33 (42570)
Seat 3: NC327SMCL (21320)
Seat 4: winneuse36 (45770)
Seat 5: gdf19 (21350)
Seat 6: T.M7 (29196)
Seat 7: lacoumba13 (7670)
Seat 8: manggy94 (5045)
*** ANTE/BLINDS ***
gdf19 posts ante 180
T.M7 posts ante 180
NitBandit posts ante 180
JaySparrow33 posts ante 180
NC327SMCL posts ante 180
winneuse36 posts ante 180
lacoumba13 posts ante 180
manggy94 posts ante 180
gdf19 posts small blind 800
T.M7 posts big blind 1600
Dealt to manggy94 [8h Td]
*** PRE-FLOP *** 
lacoumba13 folds
manggy94 folds
NitBandit folds
JaySparrow33 folds
NC327SMCL raises 19540 to 21140 and is all-in
winneuse36 calls 21140
gdf19 folds
T.M7 folds
*** FLOP *** [Qc 2s 3d]
*** TURN *** [Qc 2s 3d][5c]
*** RIVER *** [Qc 2s 3d 5c][9d]
*** SHOW DOWN ***
NC327SMCL shows [8s Qs] (One pair : Queens)
winneuse36 shows [3h Qh] (Two pairs : Queens and 3)
winneuse36 collected 46120 from pot
*** SUMMARY ***
Total pot 46120 | No rake
Board: [Qc 2s 3d 5c 9d]
Seat 3: NC327SMCL showed [8s Qs] and lost with One pair : Queens
Seat 4: winneuse36 (button) showed [3h Qh] and won 46120 with Two pairs : Queens and 3


Winamax Poker - Tournament "Kill The Fish" buyIn: 4.50€ + 0.50€ level: 13 - HandId: #699874425645826051-42-1468079565 - Holdem no limit (180/800/1600) - 2016/07/09 15:52:45 UTC
Table: 'Kill The Fish(162952213)#002' 8-max (real money) Seat #5 is the button
Seat 1: Frank Ocean (6384)
Seat 2: AA lost 22 (27450)
Seat 3: xaneta7 (6160)
Seat 4: manggy94 (4865)
Seat 5: bazinga_guys (23812)
Seat 6: KAMENIW (34666)
Seat 7: chourmo07 (23910)
Seat 8: frisbaldik (33013)
*** ANTE/BLINDS ***
KAMENIW posts ante 180
chourmo07 posts ante 180
Frank Ocean posts ante 180
AA lost 22 posts ante 180
xaneta7 posts ante 180
manggy94 posts ante 180
bazinga_guys posts ante 180
frisbaldik posts ante 180
KAMENIW posts small blind 800
chourmo07 posts big blind 1600
Dealt to manggy94 [Ac 2h]
*** PRE-FLOP *** 
frisbaldik folds
Frank Ocean raises 4604 to 6204 and is all-in
AA lost 22 folds
xaneta7 folds
manggy94 folds
bazinga_guys folds
KAMENIW folds
chourmo07 folds
Frank Ocean collected 10044 from pot
*** SUMMARY ***
Total pot 10044 | No rake
Seat 1: Frank Ocean won 10044


Winamax Poker - Tournament "Kill The Fish" buyIn: 4.50€ + 0.50€ level: 13 - HandId: #699874425645826051-43-1468079616 - Holdem no limit (180/800/1600) - 2016/07/09 15:53:36 UTC
Table: 'Kill The Fish(162952213)#002' 8-max (real money) Seat #6 is the button
Seat 1: Frank Ocean (10044)
Seat 2: AA lost 22 (27270)
Seat 3: xaneta7 (5980)
Seat 4: manggy94 (4685)
Seat 5: bazinga_guys (23632)
Seat 6: KAMENIW (33686)
Seat 7: chourmo07 (22130)
Seat 8: frisbaldik (32833)
*** ANTE/BLINDS ***
chourmo07 posts ante 180
frisbaldik posts ante 180
Frank Ocean posts ante 180
AA lost 22 posts ante 180
xaneta7 posts ante 180
manggy94 posts ante 180
bazinga_guys posts ante 180
KAMENIW posts ante 180
chourmo07 posts small blind 800
frisbaldik posts big blind 1600
Dealt to manggy94 [Qs 9c]
*** PRE-FLOP *** 
Frank Ocean folds
AA lost 22 folds
xaneta7 folds
manggy94 folds
bazinga_guys folds
KAMENIW folds
chourmo07 raises 1600 to 3200
frisbaldik calls 1600
*** FLOP *** [3d 8s Kc]
chourmo07 checks
frisbaldik bets 2444
chourmo07 folds
frisbaldik collected 10284 from pot
*** SUMMARY ***
Total pot 10284 | No rake
Board: [3d 8s Kc]
Seat 8: frisbaldik (big blind) won 10284


Winamax Poker - Tournament "Kill The Fish" buyIn: 4.50€ + 0.50€ level: 14 - HandId: #699874425645826051-44-1468079653 - Holdem no limit (240/1000/2000) - 2016/07/09 15:54:13 UTC
Table: 'Kill The Fish(162952213)#002' 8-max (real money) Seat #7 is the button
Seat 1: Frank Ocean (9864)
Seat 2: AA lost 22 (27090)
Seat 3: xaneta7 (5800)
Seat 4: manggy94 (4505)
Seat 5: bazinga_guys (23452)
Seat 6: KAMENIW (33506)
Seat 7: chourmo07 (18750)
Seat 8: frisbaldik (37293)
*** ANTE/BLINDS ***
frisbaldik posts ante 240
Frank Ocean posts ante 240
AA lost 22 posts ante 240
xaneta7 posts ante 240
manggy94 posts ante 240
bazinga_guys posts ante 240
KAMENIW posts ante 240
chourmo07 posts ante 240
frisbaldik posts small blind 1000
Frank Ocean posts big blind 2000
Dealt to manggy94 [Kc 3h]
*** PRE-FLOP *** 
AA lost 22 folds
xaneta7 folds
manggy94 folds
bazinga_guys folds
KAMENIW raises 3000 to 5000
chourmo07 folds
frisbaldik folds
Frank Ocean raises 4624 to 9624 and is all-in
KAMENIW calls 4624
*** FLOP *** [7c Kh Ts]
*** TURN *** [7c Kh Ts][Ks]
*** RIVER *** [7c Kh Ts Ks][6c]
*** SHOW DOWN ***
KAMENIW shows [6d As] (Two pairs : Kings and 6)
Frank Ocean shows [9h 8h] (Straight Ten high)
Frank Ocean collected 22168 from pot
*** SUMMARY ***
Total pot 22168 | No rake
Board: [7c Kh Ts Ks 6c]
Seat 1: Frank Ocean (big blind) showed [9h 8h] and won 22168 with Straight Ten high
Seat 6: KAMENIW showed [6d As] and lost with Two pairs : Kings and 6


Winamax Poker - Tournament "Kill The Fish" buyIn: 4.50€ + 0.50€ level: 14 - HandId: #699874425645826051-45-1468080002 - Holdem no limit (240/1000/2000) - 2016/07/09 16:00:02 UTC
Table: 'Kill The Fish(162952213)#002' 8-max (real money) Seat #8 is the button
Seat 1: Frank Ocean (22168)
Seat 2: AA lost 22 (26850)
Seat 3: xaneta7 (5560)
Seat 4: manggy94 (4265)
Seat 5: bazinga_guys (23212)
Seat 6: KAMENIW (23642)
Seat 7: chourmo07 (18510)
Seat 8: frisbaldik (36053)
*** ANTE/BLINDS ***
Frank Ocean posts ante 240
AA lost 22 posts ante 240
xaneta7 posts ante 240
manggy94 posts ante 240
bazinga_guys posts ante 240
KAMENIW posts ante 240
chourmo07 posts ante 240
frisbaldik posts ante 240
Frank Ocean posts small blind 1000
AA lost 22 posts big blind 2000
Dealt to manggy94 [8h Jd]
*** PRE-FLOP *** 
xaneta7 raises 3320 to 5320 and is all-in
manggy94 folds
bazinga_guys folds
KAMENIW folds
chourmo07 folds
frisbaldik folds
Frank Ocean raises 16608 to 21928 and is all-in
AA lost 22 raises 4682 to 26610 and is all-in
*** FLOP *** [4c 9s 6d]
*** TURN *** [4c 9s 6d][5s]
*** RIVER *** [4c 9s 6d 5s][6s]
*** SHOW DOWN ***
Frank Ocean shows [Th 8s] (One pair : 6)
AA lost 22 shows [Kh 9c] (Two pairs : 9 and 6)
xaneta7 shows [As 9d] (Two pairs : 9 and 6)
xaneta7 collected 17880 from main pot
AA lost 22 collected 37898 from side pot 1
*** SUMMARY ***
Total pot 55778 | No rake
Board: [4c 9s 6d 5s 6s]
Seat 1: Frank Ocean (small blind) showed [Th 8s] and lost with One pair : 6
Seat 2: AA lost 22 (big blind) showed [Kh 9c] and won 37898 with Two pairs : 9 and 6
Seat 3: xaneta7 showed [As 9d] and won 17880 with Two pairs : 9 and 6


Winamax Poker - Tournament "Kill The Fish" buyIn: 4.50€ + 0.50€ level: 14 - HandId: #699874425645826051-46-1468080065 - Holdem no limit (240/1000/2000) - 2016/07/09 16:01:05 UTC
Table: 'Kill The Fish(162952213)#002' 8-max (real money) Seat #1 is the button
Seat 2: AA lost 22 (37898)
Seat 3: xaneta7 (17880)
Seat 4: manggy94 (4025)
Seat 5: bazinga_guys (22972)
Seat 6: KAMENIW (23402)
Seat 7: chourmo07 (18270)
Seat 8: frisbaldik (35813)
*** ANTE/BLINDS ***
AA lost 22 posts ante 240
xaneta7 posts ante 240
manggy94 posts ante 240
bazinga_guys posts ante 240
KAMENIW posts ante 240
chourmo07 posts ante 240
frisbaldik posts ante 240
AA lost 22 posts small blind 1000
xaneta7 posts big blind 2000
Dealt to manggy94 [Kc Jh]
*** PRE-FLOP *** 
manggy94 raises 1785 to 3785 and is all-in
bazinga_guys folds
KAMENIW folds
chourmo07 folds
frisbaldik folds
AA lost 22 raises 33873 to 37658 and is all-in
xaneta7 folds
*** FLOP *** [Qh 5c 4d]
*** TURN *** [Qh 5c 4d][Ac]
*** RIVER *** [Qh 5c 4d Ac][Th]
*** SHOW DOWN ***
AA lost 22 shows [7c Qc] (One pair : Queens)
manggy94 shows [Kc Jh] (Straight Ace high)
manggy94 collected 11250 from main pot
AA lost 22 collected 33873 from side pot 1
*** SUMMARY ***
Total pot 45123 | No rake
Board: [Qh 5c 4d Ac Th]
Seat 2: AA lost 22 (small blind) showed [7c Qc] and won 33873 with One pair : Queens
Seat 4: manggy94 showed [Kc Jh] and won 11250 with Straight Ace high


Winamax Poker - Tournament "Kill The Fish" buyIn: 4.50€ + 0.50€ level: 14 - HandId: #699874425645826051-47-1468080120 - Holdem no limit (240/1000/2000) - 2016/07/09 16:02:00 UTC
Table: 'Kill The Fish(162952213)#002' 8-max (real money) Seat #2 is the button
Seat 2: AA lost 22 (33873)
Seat 3: xaneta7 (15640)
Seat 4: manggy94 (11250)
Seat 5: bazinga_guys (22732)
Seat 6: KAMENIW (23162)
Seat 7: chourmo07 (18030)
Seat 8: frisbaldik (35573)
*** ANTE/BLINDS ***
xaneta7 posts ante 240
manggy94 posts ante 240
AA lost 22 posts ante 240
bazinga_guys posts ante 240
KAMENIW posts ante 240
chourmo07 posts ante 240
frisbaldik posts ante 240
xaneta7 posts small blind 1000
manggy94 posts big blind 2000
Dealt to manggy94 [9s 4s]
*** PRE-FLOP *** 
bazinga_guys folds
KAMENIW folds
chourmo07 folds
frisbaldik folds
AA lost 22 folds
xaneta7 raises 13400 to 15400 and is all-in
manggy94 folds
xaneta7 collected 19080 from pot
*** SUMMARY ***
Total pot 19080 | No rake
Seat 3: xaneta7 (small blind) won 19080


Winamax Poker - Tournament "Kill The Fish" buyIn: 4.50€ + 0.50€ level: 15 - HandId: #699874425645826051-48-1468080180 - Holdem no limit (320/1250/2500) - 2016/07/09 16:03:00 UTC
Table: 'Kill The Fish(162952213)#002' 8-max (real money) Seat #3 is the button
Seat 2: AA lost 22 (33633)
Seat 3: xaneta7 (19080)
Seat 4: manggy94 (9010)
Seat 5: bazinga_guys (22492)
Seat 6: KAMENIW (22922)
Seat 7: chourmo07 (17790)
Seat 8: frisbaldik (35333)
*** ANTE/BLINDS ***
manggy94 posts ante 320
bazinga_guys posts ante 320
AA lost 22 posts ante 320
xaneta7 posts ante 320
KAMENIW posts ante 320
chourmo07 posts ante 320
frisbaldik posts ante 320
manggy94 posts small blind 1250
bazinga_guys posts big blind 2500
Dealt to manggy94 [6h 2h]
*** PRE-FLOP *** 
KAMENIW raises 20102 to 22602 and is all-in
chourmo07 folds
frisbaldik folds
AA lost 22 folds
xaneta7 folds
manggy94 folds
bazinga_guys folds
KAMENIW collected 28592 from pot
*** SUMMARY ***
Total pot 28592 | No rake
Seat 6: KAMENIW won 28592


Winamax Poker - Tournament "Kill The Fish" buyIn: 4.50€ + 0.50€ level: 15 - HandId: #699874425645826051-49-1468080236 - Holdem no limit (320/1250/2500) - 2016/07/09 16:03:56 UTC
Table: 'Kill The Fish(162952213)#002' 8-max (real money) Seat #4 is the button
Seat 2: AA lost 22 (33313)
Seat 3: xaneta7 (18760)
Seat 4: manggy94 (7440)
Seat 5: bazinga_guys (19672)
Seat 6: KAMENIW (28592)
Seat 7: chourmo07 (17470)
Seat 8: frisbaldik (35013)
*** ANTE/BLINDS ***
bazinga_guys posts ante 320
KAMENIW posts ante 320
AA lost 22 posts ante 320
xaneta7 posts ante 320
manggy94 posts ante 320
chourmo07 posts ante 320
frisbaldik posts ante 320
bazinga_guys posts small blind 1250
KAMENIW posts big blind 2500
Dealt to manggy94 [8c 3d]
*** PRE-FLOP *** 
chourmo07 folds
frisbaldik folds
AA lost 22 folds
xaneta7 raises 15940 to 18440 and is all-in
manggy94 folds
bazinga_guys folds
KAMENIW folds
xaneta7 collected 24430 from pot
*** SUMMARY ***
Total pot 24430 | No rake
Seat 3: xaneta7 won 24430


Winamax Poker - Tournament "Kill The Fish" buyIn: 4.50€ + 0.50€ level: 15 - HandId: #699874425645826051-50-1468080264 - Holdem no limit (320/1250/2500) - 2016/07/09 16:04:24 UTC
Table: 'Kill The Fish(162952213)#002' 8-max (real money) Seat #5 is the button
Seat 2: AA lost 22 (32993)
Seat 3: xaneta7 (24430)
Seat 4: manggy94 (7120)
Seat 5: bazinga_guys (18102)
Seat 6: KAMENIW (25772)
Seat 7: chourmo07 (17150)
Seat 8: frisbaldik (34693)
*** ANTE/BLINDS ***
KAMENIW posts ante 320
chourmo07 posts ante 320
AA lost 22 posts ante 320
xaneta7 posts ante 320
manggy94 posts ante 320
bazinga_guys posts ante 320
frisbaldik posts ante 320
KAMENIW posts small blind 1250
chourmo07 posts big blind 2500
Dealt to manggy94 [4d Tc]
*** PRE-FLOP *** 
frisbaldik folds
AA lost 22 folds
xaneta7 raises 21610 to 24110 and is all-in
manggy94 folds
bazinga_guys folds
KAMENIW folds
chourmo07 folds
xaneta7 collected 30100 from pot
*** SUMMARY ***
Total pot 30100 | No rake
Seat 3: xaneta7 won 30100


Winamax Poker - Tournament "Kill The Fish" buyIn: 4.50€ + 0.50€ level: 15 - HandId: #699874425645826051-51-1468080299 - Holdem no limit (320/1250/2500) - 2016/07/09 16:04:59 UTC
Table: 'Kill The Fish(162952213)#002' 8-max (real money) Seat #6 is the button
Seat 2: AA lost 22 (32673)
Seat 3: xaneta7 (30100)
Seat 4: manggy94 (6800)
Seat 5: bazinga_guys (17782)
Seat 6: KAMENIW (24202)
Seat 7: chourmo07 (14330)
Seat 8: frisbaldik (34373)
*** ANTE/BLINDS ***
chourmo07 posts ante 320
frisbaldik posts ante 320
AA lost 22 posts ante 320
xaneta7 posts ante 320
manggy94 posts ante 320
bazinga_guys posts ante 320
KAMENIW posts ante 320
chourmo07 posts small blind 1250
frisbaldik posts big blind 2500
Dealt to manggy94 [Th 5c]
*** PRE-FLOP *** 
AA lost 22 raises 2500 to 5000
xaneta7 raises 24780 to 29780 and is all-in
manggy94 folds
bazinga_guys folds
KAMENIW folds
chourmo07 folds
frisbaldik folds
AA lost 22 raises 2573 to 32353 and is all-in
*** FLOP *** [7s 6c 2d]
*** TURN *** [7s 6c 2d][3c]
*** RIVER *** [7s 6c 2d 3c][4h]
*** SHOW DOWN ***
AA lost 22 shows [Td 8d] (High card : Ten)
xaneta7 shows [Ah Qc] (High card : Ace)
xaneta7 collected 65550 from main pot
AA lost 22 collected 2573 from side pot 1
*** SUMMARY ***
Total pot 68123 | No rake
Board: [7s 6c 2d 3c 4h]
Seat 2: AA lost 22 showed [Td 8d] and won 2573 with High card : Ten
Seat 3: xaneta7 showed [Ah Qc] and won 65550 with High card : Ace


Winamax Poker - Tournament "Kill The Fish" buyIn: 4.50€ + 0.50€ level: 16 - HandId: #699874425645826051-52-1468080326 - Holdem no limit (430/1500/3000) - 2016/07/09 16:05:26 UTC
Table: 'Kill The Fish(162952213)#002' 8-max (real money) Seat #7 is the button
Seat 1: JaySparrow33 (80250)
Seat 2: AA lost 22 (2573)
Seat 3: xaneta7 (65550)
Seat 4: manggy94 (6480)
Seat 5: bazinga_guys (17462)
Seat 6: KAMENIW (23882)
Seat 7: chourmo07 (12760)
Seat 8: frisbaldik (31553)
*** ANTE/BLINDS ***
frisbaldik posts ante 430
JaySparrow33 posts ante 430
AA lost 22 posts ante 430
xaneta7 posts ante 430
manggy94 posts ante 430
bazinga_guys posts ante 430
KAMENIW posts ante 430
chourmo07 posts ante 430
frisbaldik posts small blind 1500
JaySparrow33 posts big blind 3000
Dealt to manggy94 [2s As]
*** PRE-FLOP *** 
AA lost 22 folds
xaneta7 folds
manggy94 raises 3050 to 6050 and is all-in
bazinga_guys raises 10982 to 17032 and is all-in
KAMENIW folds
chourmo07 folds
frisbaldik raises 14091 to 31123 and is all-in
JaySparrow33 folds
*** FLOP *** [6c 3s Kc]
*** TURN *** [6c 3s Kc][2h]
*** RIVER *** [6c 3s Kc 2h][Ah]
*** SHOW DOWN ***
manggy94 shows [2s As] (Two pairs : Aces and 2)
bazinga_guys shows [Th Qs] (High card : Ace)
frisbaldik shows [Kd Ad] (Two pairs : Aces and Kings)
frisbaldik collected 60645 from pot
*** SUMMARY ***
Total pot 60645 | No rake
Board: [6c 3s Kc 2h Ah]
Seat 4: manggy94 showed [2s As] and lost with Two pairs : Aces and 2
Seat 5: bazinga_guys showed [Th Qs] and lost with High card : Ace
Seat 8: frisbaldik (small blind) showed [Kd Ad] and won 60645 with Two pairs : Aces and Kings


