Winamax Poker - Tournament "Kill The Fish" buyIn: 9€ + 1€ level:  - HandId: #726397721304367123-1-1474133918 - Holdem no limit (100/200) - 2016/09/17 17:38:38 UTC
Table: 'Kill The Fish(169127649)#018' 8-max (real money) Seat #6 is the button
Seat 5: manggy94 (10000)
Seat 6: underdogcat (10000)
*** ANTE/BLINDS ***
underdogcat posts small blind 100
manggy94 posts big blind 200
Dealt to manggy94 [Kd 8s]
*** PRE-FLOP *** 
underdogcat folds
manggy94 collected 300 from pot
*** SUMMARY ***
Total pot 300 | No rake
Seat 5: manggy94 (big blind) won 300


Winamax Poker - Tournament "Kill The Fish" buyIn: 9€ + 1€ level:  - HandId: #726397721304367123-2-1474133931 - Holdem no limit (100/200) - 2016/09/17 17:38:51 UTC
Table: 'Kill The Fish(169127649)#018' 8-max (real money) Seat #5 is the button
Seat 1: stronzzo (10000)
Seat 5: manggy94 (10100)
Seat 6: underdogcat (9900)
*** ANTE/BLINDS ***
manggy94 posts small blind 100
underdogcat posts big blind 200
Dealt to manggy94 [2c 7d]
*** PRE-FLOP *** 
manggy94 folds
underdogcat collected 300 from pot
*** SUMMARY ***
Total pot 300 | No rake
Seat 6: underdogcat (big blind) won 300


Winamax Poker - Tournament "Kill The Fish" buyIn: 9€ + 1€ level:  - HandId: #726397721304367123-3-1474133936 - Holdem no limit (100/200) - 2016/09/17 17:38:56 UTC
Table: 'Kill The Fish(169127649)#018' 8-max (real money) Seat #5 is the button
Seat 1: stronzzo (10000)
Seat 5: manggy94 (10000)
Seat 6: underdogcat (10000)
*** ANTE/BLINDS ***
underdogcat posts small blind 100
stronzzo posts big blind 200
Dealt to manggy94 [2d 9s]
*** PRE-FLOP *** 
manggy94 folds
underdogcat calls 100
stronzzo checks
*** FLOP *** [Kh Tc Ts]
underdogcat checks
stronzzo checks
*** TURN *** [Kh Tc Ts][7s]
underdogcat checks
stronzzo bets 267
underdogcat calls 267
*** RIVER *** [Kh Tc Ts 7s][9c]
underdogcat checks
stronzzo checks
*** SHOW DOWN ***
underdogcat shows [7h Qc] (Two pairs : Tens and 7)
stronzzo shows [9h Ah] (Two pairs : Tens and 9)
stronzzo collected 934 from pot
*** SUMMARY ***
Total pot 934 | No rake
Board: [Kh Tc Ts 7s 9c]
Seat 1: stronzzo (big blind) showed [9h Ah] and won 934 with Two pairs : Tens and 9
Seat 6: underdogcat (small blind) showed [7h Qc] and lost with Two pairs : Tens and 7


Winamax Poker - Tournament "Kill The Fish" buyIn: 9€ + 1€ level: 5 - HandId: #726397721304367123-4-1474133967 - Holdem no limit (150/300) - 2016/09/17 17:39:27 UTC
Table: 'Kill The Fish(169127649)#018' 8-max (real money) Seat #6 is the button
Seat 1: stronzzo (10467)
Seat 2: malbar9.7.4 (10000)
Seat 3: chicazort (10000)
Seat 4: Baskuzi (10000)
Seat 5: manggy94 (10000)
Seat 6: underdogcat (9533)
*** ANTE/BLINDS ***
stronzzo posts small blind 150
malbar9.7.4 posts big blind 300
Dealt to manggy94 [Qh Ks]
*** PRE-FLOP *** 
chicazort folds
Baskuzi raises 300 to 600
manggy94 calls 600
underdogcat folds
stronzzo calls 450
malbar9.7.4 calls 300
*** FLOP *** [Jc Th Kd]
stronzzo checks
malbar9.7.4 checks
Baskuzi bets 600
manggy94 calls 600
stronzzo folds
malbar9.7.4 calls 600
*** TURN *** [Jc Th Kd][9d]
malbar9.7.4 checks
Baskuzi checks
manggy94 bets 2100
malbar9.7.4 folds
Baskuzi folds
manggy94 collected 6300 from pot
*** SUMMARY ***
Total pot 6300 | No rake
Board: [Jc Th Kd 9d]
Seat 5: manggy94 won 6300


Winamax Poker - Tournament "Kill The Fish" buyIn: 9€ + 1€ level: 5 - HandId: #726397721304367123-5-1474134039 - Holdem no limit (150/300) - 2016/09/17 17:40:39 UTC
Table: 'Kill The Fish(169127649)#018' 8-max (real money) Seat #1 is the button
Seat 1: stronzzo (9867)
Seat 2: malbar9.7.4 (8800)
Seat 3: chicazort (10000)
Seat 4: Baskuzi (8800)
Seat 5: manggy94 (13000)
Seat 6: underdogcat (9533)
Seat 7: -Infinity- (10000)
Seat 8: sethas (10000)
*** ANTE/BLINDS ***
malbar9.7.4 posts small blind 150
chicazort posts big blind 300
Dealt to manggy94 [3h Td]
*** PRE-FLOP *** 
Baskuzi folds
manggy94 folds
underdogcat raises 450 to 750
-Infinity- folds
sethas folds
stronzzo folds
malbar9.7.4 calls 600
chicazort calls 450
*** FLOP *** [4s Ad 9h]
malbar9.7.4 checks
chicazort checks
underdogcat checks
*** TURN *** [4s Ad 9h][8s]
malbar9.7.4 checks
chicazort bets 1125
underdogcat folds
malbar9.7.4 folds
chicazort collected 3375 from pot
*** SUMMARY ***
Total pot 3375 | No rake
Board: [4s Ad 9h 8s]
Seat 3: chicazort (big blind) won 3375


Winamax Poker - Tournament "Kill The Fish" buyIn: 9€ + 1€ level:  - HandId: #726397721304367124-5-1474134144 - Holdem no limit (150/300) - 2016/09/17 17:42:24 UTC
Table: 'Kill The Fish(169127649)#019' 8-max (real money) Seat #3 is the button
Seat 1: manggy94 (13000)
Seat 2: C0N SANS G1 (10000)
Seat 3: trtro (9252)
Seat 4: Supastyle (10000)
Seat 5: bigstar63 (10000)
Seat 6: BoUoUh (11198)
Seat 7: candimax1er (10000)
Seat 8: Soixante18 (9550)
*** ANTE/BLINDS ***
BoUoUh posts small blind 150
candimax1er posts big blind 300
Dealt to manggy94 [Th Qs]
*** PRE-FLOP *** 
Soixante18 folds
manggy94 calls 300
C0N SANS G1 folds
trtro raises 600 to 900
BoUoUh folds
candimax1er folds
manggy94 calls 600
*** FLOP *** [3d 2s 9h]
manggy94 checks
trtro bets 788
manggy94 folds
trtro collected 3038 from pot
*** SUMMARY ***
Total pot 3038 | No rake
Board: [3d 2s 9h]
Seat 3: trtro (button) won 3038


Winamax Poker - Tournament "Kill The Fish" buyIn: 9€ + 1€ level:  - HandId: #726397721304367124-6-1474134207 - Holdem no limit (150/300) - 2016/09/17 17:43:27 UTC
Table: 'Kill The Fish(169127649)#019' 8-max (real money) Seat #6 is the button
Seat 1: manggy94 (12100)
Seat 2: C0N SANS G1 (10000)
Seat 3: trtro (10602)
Seat 4: Supastyle (10000)
Seat 5: bigstar63 (10000)
Seat 6: BoUoUh (11048)
Seat 7: candimax1er (9700)
Seat 8: Soixante18 (9550)
*** ANTE/BLINDS ***
candimax1er posts small blind 150
Soixante18 posts big blind 300
Dealt to manggy94 [9d 9h]
*** PRE-FLOP *** 
manggy94 raises 300 to 600
C0N SANS G1 folds
trtro folds
Supastyle folds
bigstar63 folds
BoUoUh folds
candimax1er folds
Soixante18 folds
manggy94 collected 1050 from pot
*** SUMMARY ***
Total pot 1050 | No rake
Seat 1: manggy94 won 1050


Winamax Poker - Tournament "Kill The Fish" buyIn: 9€ + 1€ level: 6 - HandId: #726397721304367124-7-1474134320 - Holdem no limit (25/150/300) - 2016/09/17 17:45:20 UTC
Table: 'Kill The Fish(169127649)#019' 8-max (real money) Seat #7 is the button
Seat 1: manggy94 (12550)
Seat 3: trtro (10602)
Seat 4: Supastyle (10000)
Seat 5: bigstar63 (10000)
Seat 6: BoUoUh (11048)
Seat 7: candimax1er (9550)
Seat 8: Soixante18 (9250)
*** ANTE/BLINDS ***
Soixante18 posts ante 25
manggy94 posts ante 25
trtro posts ante 25
Supastyle posts ante 25
bigstar63 posts ante 25
BoUoUh posts ante 25
candimax1er posts ante 25
Soixante18 posts small blind 150
manggy94 posts big blind 300
Dealt to manggy94 [7h 2h]
*** PRE-FLOP *** 
trtro folds
Supastyle folds
bigstar63 raises 300 to 600
BoUoUh folds
candimax1er folds
Soixante18 folds
manggy94 calls 300
*** FLOP *** [4d 5d Td]
manggy94 bets 763
bigstar63 calls 763
*** TURN *** [4d 5d Td][4s]
manggy94 checks
bigstar63 checks
*** RIVER *** [4d 5d Td 4s][Qs]
manggy94 bets 3051
bigstar63 calls 3051
*** SHOW DOWN ***
manggy94 shows [7h 2h] (One pair : 4)
bigstar63 shows [Qc Jd] (Two pairs : Queens and 4)
bigstar63 collected 9153 from pot
*** SUMMARY ***
Total pot 9153 | No rake
Board: [4d 5d Td 4s Qs]
Seat 1: manggy94 (big blind) showed [7h 2h] and lost with One pair : 4
Seat 5: bigstar63 showed [Qc Jd] and won 9153 with Two pairs : Queens and 4


Winamax Poker - Tournament "Kill The Fish" buyIn: 9€ + 1€ level: 6 - HandId: #726397721304367113-32-1474134438 - Holdem no limit (25/150/300) - 2016/09/17 17:47:18 UTC
Table: 'Kill The Fish(169127649)#008' 8-max (real money) Seat #4 is the button
Seat 1: cannibal69 (19723)
Seat 2: manggy94 (8111)
Seat 3: OlfSpw (38983)
Seat 4: -JuLiYa- (39038)
Seat 5: walt 06 (9075)
Seat 6: LifeOfPablo (9050)
Seat 7: Nicolucho13 (7609)
Seat 8: Clara19 (9975)
*** ANTE/BLINDS ***
walt 06 posts ante 25
LifeOfPablo posts ante 25
cannibal69 posts ante 25
manggy94 posts ante 25
OlfSpw posts ante 25
-JuLiYa- posts ante 25
Nicolucho13 posts ante 25
Clara19 posts ante 25
walt 06 posts small blind 150
LifeOfPablo posts big blind 300
Dealt to manggy94 [7c 7s]
*** PRE-FLOP *** 
Nicolucho13 raises 7284 to 7584 and is all-in
Clara19 raises 2366 to 9950 and is all-in
cannibal69 raises 9748 to 19698 and is all-in
manggy94 folds
OlfSpw folds
-JuLiYa- folds
walt 06 folds
LifeOfPablo folds
*** FLOP *** [7h Qd 9c]
*** TURN *** [7h Qd 9c][2h]
*** RIVER *** [7h Qd 9c 2h][Td]
*** SHOW DOWN ***
Clara19 shows [6s 6h] (One pair : 6)
cannibal69 shows [Kc Ts] (One pair : Tens)
Nicolucho13 shows [As Qh] (One pair : Queens)
Nicolucho13 collected 23402 from main pot
cannibal69 collected 14480 from side pot 1
*** SUMMARY ***
Total pot 37882 | No rake
Board: [7h Qd 9c 2h Td]
Seat 1: cannibal69 showed [Kc Ts] and won 14480 with One pair : Tens
Seat 7: Nicolucho13 showed [As Qh] and won 23402 with One pair : Queens
Seat 8: Clara19 showed [6s 6h] and lost with One pair : 6


Winamax Poker - Tournament "Kill The Fish" buyIn: 9€ + 1€ level: 6 - HandId: #726397721304367113-33-1474134501 - Holdem no limit (25/150/300) - 2016/09/17 17:48:21 UTC
Table: 'Kill The Fish(169127649)#008' 8-max (real money) Seat #5 is the button
Seat 1: cannibal69 (14480)
Seat 2: manggy94 (8086)
Seat 3: OlfSpw (38958)
Seat 4: -JuLiYa- (39013)
Seat 5: walt 06 (8900)
Seat 6: LifeOfPablo (8725)
Seat 7: Nicolucho13 (23402)
*** ANTE/BLINDS ***
LifeOfPablo posts ante 25
Nicolucho13 posts ante 25
cannibal69 posts ante 25
manggy94 posts ante 25
OlfSpw posts ante 25
-JuLiYa- posts ante 25
walt 06 posts ante 25
LifeOfPablo posts small blind 150
Nicolucho13 posts big blind 300
Dealt to manggy94 [Qh 6s]
*** PRE-FLOP *** 
cannibal69 raises 14155 to 14455 and is all-in
manggy94 folds
OlfSpw folds
-JuLiYa- folds
walt 06 folds
LifeOfPablo folds
Nicolucho13 folds
cannibal69 collected 15080 from pot
*** SUMMARY ***
Total pot 15080 | No rake
Seat 1: cannibal69 won 15080


Winamax Poker - Tournament "Kill The Fish" buyIn: 9€ + 1€ level: 6 - HandId: #726397721304367113-34-1474134525 - Holdem no limit (25/150/300) - 2016/09/17 17:48:45 UTC
Table: 'Kill The Fish(169127649)#008' 8-max (real money) Seat #6 is the button
Seat 1: cannibal69 (15080)
Seat 2: manggy94 (8061)
Seat 3: OlfSpw (38933)
Seat 4: -JuLiYa- (38988)
Seat 5: walt 06 (8875)
Seat 6: LifeOfPablo (8550)
Seat 7: Nicolucho13 (23077)
Seat 8: -Jasmin- (9225)
*** ANTE/BLINDS ***
Nicolucho13 posts ante 25
-Jasmin- posts ante 25
cannibal69 posts ante 25
manggy94 posts ante 25
OlfSpw posts ante 25
-JuLiYa- posts ante 25
walt 06 posts ante 25
LifeOfPablo posts ante 25
Nicolucho13 posts small blind 150
-Jasmin- posts big blind 300
Dealt to manggy94 [4s Th]
*** PRE-FLOP *** 
cannibal69 folds
manggy94 folds
OlfSpw folds
-JuLiYa- folds
walt 06 folds
LifeOfPablo raises 300 to 600
Nicolucho13 folds
-Jasmin- calls 300
*** FLOP *** [8d 9d 2s]
-Jasmin- checks
LifeOfPablo checks
*** TURN *** [8d 9d 2s][6c]
-Jasmin- checks
LifeOfPablo checks
*** RIVER *** [8d 9d 2s 6c][Ad]
-Jasmin- checks
LifeOfPablo checks
*** SHOW DOWN ***
-Jasmin- shows [Tc Kh] (High card : Ace)
LifeOfPablo shows [Ac 3s] (One pair : Aces)
LifeOfPablo collected 1550 from pot
*** SUMMARY ***
Total pot 1550 | No rake
Board: [8d 9d 2s 6c Ad]
Seat 6: LifeOfPablo (button) showed [Ac 3s] and won 1550 with One pair : Aces
Seat 8: -Jasmin- (big blind) showed [Tc Kh] and lost with High card : Ace


Winamax Poker - Tournament "Kill The Fish" buyIn: 9€ + 1€ level: 6 - HandId: #726397721304367113-35-1474134593 - Holdem no limit (25/150/300) - 2016/09/17 17:49:53 UTC
Table: 'Kill The Fish(169127649)#008' 8-max (real money) Seat #7 is the button
Seat 1: cannibal69 (15055)
Seat 2: manggy94 (8036)
Seat 3: OlfSpw (38908)
Seat 4: -JuLiYa- (38963)
Seat 5: walt 06 (8850)
Seat 6: LifeOfPablo (9475)
Seat 7: Nicolucho13 (22902)
Seat 8: -Jasmin- (8600)
*** ANTE/BLINDS ***
-Jasmin- posts ante 25
cannibal69 posts ante 25
manggy94 posts ante 25
OlfSpw posts ante 25
-JuLiYa- posts ante 25
walt 06 posts ante 25
LifeOfPablo posts ante 25
Nicolucho13 posts ante 25
-Jasmin- posts small blind 150
cannibal69 posts big blind 300
Dealt to manggy94 [Ad 5s]
*** PRE-FLOP *** 
manggy94 calls 300
OlfSpw folds
-JuLiYa- folds
walt 06 calls 300
LifeOfPablo folds
Nicolucho13 folds
-Jasmin- folds
cannibal69 checks
*** FLOP *** [5h 7s 9d]
cannibal69 bets 1250
manggy94 calls 1250
walt 06 calls 1250
*** TURN *** [5h 7s 9d][Th]
cannibal69 checks
manggy94 checks
walt 06 bets 5000
cannibal69 folds
manggy94 folds
walt 06 collected 10000 from pot
*** SUMMARY ***
Total pot 10000 | No rake
Board: [5h 7s 9d Th]
Seat 5: walt 06 won 10000


Winamax Poker - Tournament "Kill The Fish" buyIn: 9€ + 1€ level: 7 - HandId: #726397721304367113-36-1474134662 - Holdem no limit (30/200/400) - 2016/09/17 17:51:02 UTC
Table: 'Kill The Fish(169127649)#008' 8-max (real money) Seat #8 is the button
Seat 1: cannibal69 (13480)
Seat 2: manggy94 (6461)
Seat 3: OlfSpw (38883)
Seat 4: -JuLiYa- (38938)
Seat 5: walt 06 (12275)
Seat 6: LifeOfPablo (9450)
Seat 7: Nicolucho13 (22877)
Seat 8: -Jasmin- (8425)
*** ANTE/BLINDS ***
cannibal69 posts ante 30
manggy94 posts ante 30
OlfSpw posts ante 30
-JuLiYa- posts ante 30
walt 06 posts ante 30
LifeOfPablo posts ante 30
Nicolucho13 posts ante 30
-Jasmin- posts ante 30
cannibal69 posts small blind 200
manggy94 posts big blind 400
Dealt to manggy94 [Ks 8s]
*** PRE-FLOP *** 
OlfSpw folds
-JuLiYa- raises 400 to 800
walt 06 folds
LifeOfPablo folds
Nicolucho13 calls 800
-Jasmin- folds
cannibal69 folds
manggy94 calls 400
*** FLOP *** [Jc Qc 7s]
manggy94 checks
-JuLiYa- bets 800
Nicolucho13 folds
manggy94 folds
-JuLiYa- collected 3640 from pot
*** SUMMARY ***
Total pot 3640 | No rake
Board: [Jc Qc 7s]
Seat 4: -JuLiYa- won 3640


Winamax Poker - Tournament "Kill The Fish" buyIn: 9€ + 1€ level: 7 - HandId: #726397721304367113-37-1474134724 - Holdem no limit (30/200/400) - 2016/09/17 17:52:04 UTC
Table: 'Kill The Fish(169127649)#008' 8-max (real money) Seat #1 is the button
Seat 1: cannibal69 (13250)
Seat 2: manggy94 (5631)
Seat 3: OlfSpw (38853)
Seat 4: -JuLiYa- (40948)
Seat 5: walt 06 (12245)
Seat 6: LifeOfPablo (9420)
Seat 7: Nicolucho13 (22047)
Seat 8: -Jasmin- (8395)
*** ANTE/BLINDS ***
manggy94 posts ante 30
OlfSpw posts ante 30
cannibal69 posts ante 30
-JuLiYa- posts ante 30
walt 06 posts ante 30
LifeOfPablo posts ante 30
Nicolucho13 posts ante 30
-Jasmin- posts ante 30
manggy94 posts small blind 200
OlfSpw posts big blind 400
Dealt to manggy94 [Qh Ts]
*** PRE-FLOP *** 
-JuLiYa- raises 400 to 800
walt 06 folds
LifeOfPablo folds
Nicolucho13 folds
-Jasmin- folds
cannibal69 folds
manggy94 calls 600
OlfSpw calls 400
*** FLOP *** [9d 8s 5c]
manggy94 bets 1320
OlfSpw calls 1320
-JuLiYa- folds
*** TURN *** [9d 8s 5c][Kd]
manggy94 checks
OlfSpw bets 5280
manggy94 folds
OlfSpw collected 10560 from pot
*** SUMMARY ***
Total pot 10560 | No rake
Board: [9d 8s 5c Kd]
Seat 3: OlfSpw (big blind) won 10560


Winamax Poker - Tournament "Kill The Fish" buyIn: 9€ + 1€ level: 7 - HandId: #726397721304367113-38-1474134760 - Holdem no limit (30/200/400) - 2016/09/17 17:52:40 UTC
Table: 'Kill The Fish(169127649)#008' 8-max (real money) Seat #2 is the button
Seat 1: cannibal69 (13220)
Seat 2: manggy94 (3481)
Seat 3: OlfSpw (41983)
Seat 4: -JuLiYa- (40118)
Seat 5: walt 06 (12215)
Seat 6: LifeOfPablo (9390)
Seat 7: Nicolucho13 (22017)
Seat 8: -Jasmin- (8365)
*** ANTE/BLINDS ***
OlfSpw posts ante 30
-JuLiYa- posts ante 30
cannibal69 posts ante 30
manggy94 posts ante 30
walt 06 posts ante 30
LifeOfPablo posts ante 30
Nicolucho13 posts ante 30
-Jasmin- posts ante 30
OlfSpw posts small blind 200
-JuLiYa- posts big blind 400
Dealt to manggy94 [7c Jc]
*** PRE-FLOP *** 
walt 06 raises 400 to 800
LifeOfPablo folds
Nicolucho13 folds
-Jasmin- folds
cannibal69 raises 12390 to 13190 and is all-in
manggy94 folds
OlfSpw folds
-JuLiYa- folds
walt 06 folds
cannibal69 collected 14830 from pot
*** SUMMARY ***
Total pot 14830 | No rake
Seat 1: cannibal69 won 14830


Winamax Poker - Tournament "Kill The Fish" buyIn: 9€ + 1€ level: 7 - HandId: #726397721304367113-39-1474134785 - Holdem no limit (30/200/400) - 2016/09/17 17:53:05 UTC
Table: 'Kill The Fish(169127649)#008' 8-max (real money) Seat #3 is the button
Seat 1: cannibal69 (14830)
Seat 2: manggy94 (3451)
Seat 3: OlfSpw (41753)
Seat 4: -JuLiYa- (39688)
Seat 5: walt 06 (11385)
Seat 6: LifeOfPablo (9360)
Seat 7: Nicolucho13 (21987)
Seat 8: -Jasmin- (8335)
*** ANTE/BLINDS ***
-JuLiYa- posts ante 30
walt 06 posts ante 30
cannibal69 posts ante 30
manggy94 posts ante 30
OlfSpw posts ante 30
LifeOfPablo posts ante 30
Nicolucho13 posts ante 30
-Jasmin- posts ante 30
-JuLiYa- posts small blind 200
walt 06 posts big blind 400
Dealt to manggy94 [Tc 4c]
*** PRE-FLOP *** 
LifeOfPablo folds
Nicolucho13 folds
-Jasmin- calls 400
cannibal69 folds
manggy94 folds
OlfSpw calls 400
-JuLiYa- calls 200
walt 06 checks
*** FLOP *** [6s 5d 2s]
-JuLiYa- checks
walt 06 bets 920
-Jasmin- folds
OlfSpw folds
-JuLiYa- calls 920
*** TURN *** [6s 5d 2s][5h]
-JuLiYa- checks
walt 06 bets 2453
-JuLiYa- folds
walt 06 shows [4d 3s] (Straight 6 high)
walt 06 collected 6133 from pot
*** SUMMARY ***
Total pot 6133 | No rake
Board: [6s 5d 2s 5h]
Seat 5: walt 06 (big blind) showed [4d 3s] and won 6133 with Straight 6 high


Winamax Poker - Tournament "Kill The Fish" buyIn: 9€ + 1€ level: 7 - HandId: #726397721304367113-40-1474134860 - Holdem no limit (30/200/400) - 2016/09/17 17:54:20 UTC
Table: 'Kill The Fish(169127649)#008' 8-max (real money) Seat #4 is the button
Seat 1: cannibal69 (14800)
Seat 2: manggy94 (3421)
Seat 3: OlfSpw (41323)
Seat 4: -JuLiYa- (38338)
Seat 5: walt 06 (13715)
Seat 6: LifeOfPablo (9330)
Seat 7: Nicolucho13 (21957)
Seat 8: -Jasmin- (7905)
*** ANTE/BLINDS ***
walt 06 posts ante 30
LifeOfPablo posts ante 30
cannibal69 posts ante 30
manggy94 posts ante 30
OlfSpw posts ante 30
-JuLiYa- posts ante 30
Nicolucho13 posts ante 30
-Jasmin- posts ante 30
walt 06 posts small blind 200
LifeOfPablo posts big blind 400
Dealt to manggy94 [8s Ac]
*** PRE-FLOP *** 
Nicolucho13 folds
-Jasmin- calls 400
cannibal69 folds
manggy94 raises 2991 to 3391 and is all-in
OlfSpw folds
-JuLiYa- folds
walt 06 folds
LifeOfPablo folds
-Jasmin- calls 2991
*** FLOP *** [2s 4c As]
*** TURN *** [2s 4c As][6s]
*** RIVER *** [2s 4c As 6s][Jh]
*** SHOW DOWN ***
-Jasmin- shows [Ah 5h] (One pair : Aces)
manggy94 shows [8s Ac] (One pair : Aces)
manggy94 collected 7622 from pot
*** SUMMARY ***
Total pot 7622 | No rake
Board: [2s 4c As 6s Jh]
Seat 2: manggy94 showed [8s Ac] and won 7622 with One pair : Aces
Seat 8: -Jasmin- showed [Ah 5h] and lost with One pair : Aces


Winamax Poker - Tournament "Kill The Fish" buyIn: 9€ + 1€ level: 7 - HandId: #726397721304367113-41-1474134892 - Holdem no limit (30/200/400) - 2016/09/17 17:54:52 UTC
Table: 'Kill The Fish(169127649)#008' 8-max (real money) Seat #5 is the button
Seat 1: cannibal69 (14770)
Seat 2: manggy94 (7622)
Seat 3: OlfSpw (41293)
Seat 4: -JuLiYa- (38308)
Seat 5: walt 06 (13485)
Seat 6: LifeOfPablo (8900)
Seat 7: Nicolucho13 (21927)
Seat 8: -Jasmin- (4484)
*** ANTE/BLINDS ***
LifeOfPablo posts ante 30
Nicolucho13 posts ante 30
cannibal69 posts ante 30
manggy94 posts ante 30
OlfSpw posts ante 30
-JuLiYa- posts ante 30
walt 06 posts ante 30
-Jasmin- posts ante 30
LifeOfPablo posts small blind 200
Nicolucho13 posts big blind 400
Dealt to manggy94 [6h Jh]
*** PRE-FLOP *** 
-Jasmin- folds
cannibal69 calls 400
manggy94 folds
OlfSpw calls 400
-JuLiYa- folds
walt 06 calls 400
LifeOfPablo folds
Nicolucho13 checks
*** FLOP *** [Kc 4s 8d]
Nicolucho13 checks
cannibal69 bets 400
OlfSpw calls 400
walt 06 calls 400
Nicolucho13 folds
*** TURN *** [Kc 4s 8d][7s]
cannibal69 bets 400
OlfSpw calls 400
walt 06 folds
*** RIVER *** [Kc 4s 8d 7s][2c]
cannibal69 bets 2020
OlfSpw folds
cannibal69 collected 6060 from pot
*** SUMMARY ***
Total pot 6060 | No rake
Board: [Kc 4s 8d 7s 2c]
Seat 1: cannibal69 won 6060


Winamax Poker - Tournament "Kill The Fish" buyIn: 9€ + 1€ level: 7 - HandId: #726397721304367113-42-1474135202 - Holdem no limit (30/200/400) - 2016/09/17 18:00:02 UTC
Table: 'Kill The Fish(169127649)#008' 8-max (real money) Seat #6 is the button
Seat 1: cannibal69 (17580)
Seat 2: manggy94 (7592)
Seat 3: OlfSpw (40063)
Seat 4: -JuLiYa- (38278)
Seat 5: walt 06 (12655)
Seat 6: LifeOfPablo (8670)
Seat 7: Nicolucho13 (21497)
Seat 8: -Jasmin- (4454)
*** ANTE/BLINDS ***
Nicolucho13 posts ante 30
-Jasmin- posts ante 30
cannibal69 posts ante 30
manggy94 posts ante 30
OlfSpw posts ante 30
-JuLiYa- posts ante 30
walt 06 posts ante 30
LifeOfPablo posts ante 30
Nicolucho13 posts small blind 200
-Jasmin- posts big blind 400
Dealt to manggy94 [As 4d]
*** PRE-FLOP *** 
cannibal69 raises 400 to 800
manggy94 calls 800
OlfSpw folds
-JuLiYa- calls 800
walt 06 folds
LifeOfPablo calls 800
Nicolucho13 folds
-Jasmin- calls 400
*** FLOP *** [Th 2d 2c]
-Jasmin- checks
cannibal69 bets 400
manggy94 folds
-JuLiYa- calls 400
LifeOfPablo calls 400
-Jasmin- folds
*** TURN *** [Th 2d 2c][5s]
cannibal69 bets 400
-JuLiYa- raises 600 to 1000
LifeOfPablo raises 1600 to 2600
cannibal69 folds
-JuLiYa- raises 34448 to 37048 and is all-in
LifeOfPablo calls 4840 and is all-in
*** RIVER *** [Th 2d 2c 5s][Ah]
*** SHOW DOWN ***
-JuLiYa- shows [Qs 2s] (Trips of 2)
LifeOfPablo shows [5h 5d] (Full of 5 and 2)
LifeOfPablo collected 20920 from main pot
-JuLiYa- collected 29608 from side pot 1
*** SUMMARY ***
Total pot 50528 | No rake
Board: [Th 2d 2c 5s Ah]
Seat 4: -JuLiYa- showed [Qs 2s] and won 29608 with Trips of 2
Seat 6: LifeOfPablo (button) showed [5h 5d] and won 20920 with Full of 5 and 2


Winamax Poker - Tournament "Kill The Fish" buyIn: 9€ + 1€ level: 7 - HandId: #726397721304367113-43-1474135274 - Holdem no limit (30/200/400) - 2016/09/17 18:01:14 UTC
Table: 'Kill The Fish(169127649)#008' 8-max (real money) Seat #7 is the button
Seat 1: cannibal69 (15950)
Seat 2: manggy94 (6762)
Seat 3: OlfSpw (40033)
Seat 4: -JuLiYa- (29608)
Seat 5: walt 06 (12625)
Seat 6: LifeOfPablo (20920)
Seat 7: Nicolucho13 (21267)
Seat 8: -Jasmin- (3624)
*** ANTE/BLINDS ***
-Jasmin- posts ante 30
cannibal69 posts ante 30
manggy94 posts ante 30
OlfSpw posts ante 30
-JuLiYa- posts ante 30
walt 06 posts ante 30
LifeOfPablo posts ante 30
Nicolucho13 posts ante 30
-Jasmin- posts small blind 200
cannibal69 posts big blind 400
Dealt to manggy94 [Ad Qh]
*** PRE-FLOP *** 
manggy94 raises 1240 to 1640
OlfSpw folds
-JuLiYa- calls 1640
walt 06 folds
LifeOfPablo folds
Nicolucho13 folds
-Jasmin- folds
cannibal69 folds
*** FLOP *** [7h 2d 7d]
manggy94 checks
-JuLiYa- bets 3090
manggy94 raises 2002 to 5092 and is all-in
-JuLiYa- calls 2002
*** TURN *** [7h 2d 7d][Jc]
*** RIVER *** [7h 2d 7d Jc][Ah]
*** SHOW DOWN ***
-JuLiYa- shows [6c 6s] (Two pairs : 7 and 6)
manggy94 shows [Ad Qh] (Two pairs : Aces and 7)
manggy94 collected 14304 from pot
*** SUMMARY ***
Total pot 14304 | No rake
Board: [7h 2d 7d Jc Ah]
Seat 2: manggy94 showed [Ad Qh] and won 14304 with Two pairs : Aces and 7
Seat 4: -JuLiYa- showed [6c 6s] and lost with Two pairs : 7 and 6


Winamax Poker - Tournament "Kill The Fish" buyIn: 9€ + 1€ level: 8 - HandId: #726397721304367113-44-1474135363 - Holdem no limit (40/250/500) - 2016/09/17 18:02:43 UTC
Table: 'Kill The Fish(169127649)#008' 8-max (real money) Seat #8 is the button
Seat 1: cannibal69 (15520)
Seat 2: manggy94 (14304)
Seat 3: OlfSpw (40003)
Seat 4: -JuLiYa- (22846)
Seat 5: walt 06 (12595)
Seat 6: LifeOfPablo (20890)
Seat 7: Nicolucho13 (21237)
Seat 8: -Jasmin- (3394)
*** ANTE/BLINDS ***
cannibal69 posts ante 40
manggy94 posts ante 40
OlfSpw posts ante 40
-JuLiYa- posts ante 40
walt 06 posts ante 40
LifeOfPablo posts ante 40
Nicolucho13 posts ante 40
-Jasmin- posts ante 40
cannibal69 posts small blind 250
manggy94 posts big blind 500
Dealt to manggy94 [7d 8h]
*** PRE-FLOP *** 
OlfSpw folds
-JuLiYa- folds
walt 06 folds
LifeOfPablo folds
Nicolucho13 raises 1500 to 2000
-Jasmin- folds
cannibal69 raises 4820 to 6820
manggy94 folds
Nicolucho13 raises 14377 to 21197 and is all-in
cannibal69 calls 8660 and is all-in
*** FLOP *** [8d 3d 9h]
*** TURN *** [8d 3d 9h][6c]
*** RIVER *** [8d 3d 9h 6c][5h]
*** SHOW DOWN ***
cannibal69 shows [9c Ac] (One pair : 9)
Nicolucho13 shows [Kc Jh] (High card : King)
Nicolucho13 collected 5717 from side pot 1
cannibal69 collected 31780 from main pot
*** SUMMARY ***
Total pot 37497 | No rake
Board: [8d 3d 9h 6c 5h]
Seat 1: cannibal69 (small blind) showed [9c Ac] and won 31780 with One pair : 9
Seat 7: Nicolucho13 showed [Kc Jh] and won 5717 with High card : King


Winamax Poker - Tournament "Kill The Fish" buyIn: 9€ + 1€ level: 8 - HandId: #726397721304367113-45-1474135418 - Holdem no limit (40/250/500) - 2016/09/17 18:03:38 UTC
Table: 'Kill The Fish(169127649)#008' 8-max (real money) Seat #1 is the button
Seat 1: cannibal69 (31780)
Seat 2: manggy94 (13764)
Seat 3: OlfSpw (39963)
Seat 4: -JuLiYa- (22806)
Seat 5: walt 06 (12555)
Seat 6: LifeOfPablo (20850)
Seat 7: Nicolucho13 (5717)
Seat 8: -Jasmin- (3354)
*** ANTE/BLINDS ***
manggy94 posts ante 40
OlfSpw posts ante 40
cannibal69 posts ante 40
-JuLiYa- posts ante 40
walt 06 posts ante 40
LifeOfPablo posts ante 40
Nicolucho13 posts ante 40
-Jasmin- posts ante 40
manggy94 posts small blind 250
OlfSpw posts big blind 500
Dealt to manggy94 [4s 7s]
*** PRE-FLOP *** 
-JuLiYa- folds
walt 06 folds
LifeOfPablo raises 585 to 1085
Nicolucho13 folds
-Jasmin- calls 1085
cannibal69 calls 1085
manggy94 folds
OlfSpw calls 585
*** FLOP *** [Qc Jd 8d]
OlfSpw checks
LifeOfPablo checks
-Jasmin- checks
cannibal69 checks
*** TURN *** [Qc Jd 8d][Qd]
OlfSpw checks
LifeOfPablo bets 3273
-Jasmin- calls 2229 and is all-in
cannibal69 calls 3273
OlfSpw folds
*** RIVER *** [Qc Jd 8d Qd][2d]
LifeOfPablo bets 16452 and is all-in
cannibal69 folds
*** SHOW DOWN ***
-Jasmin- shows [Ad 7c] (Flush Ace high)
LifeOfPablo shows [Td 9d] (Straight flush Queen)
LifeOfPablo collected 30137 from pot
*** SUMMARY ***
Total pot 30137 | No rake
Board: [Qc Jd 8d Qd 2d]
Seat 6: LifeOfPablo showed [Td 9d] and won 30137 with Straight flush Queen
Seat 8: -Jasmin- showed [Ad 7c] and lost with Flush Ace high


Winamax Poker - Tournament "Kill The Fish" buyIn: 9€ + 1€ level: 8 - HandId: #726397721304367113-46-1474135494 - Holdem no limit (40/250/500) - 2016/09/17 18:04:54 UTC
Table: 'Kill The Fish(169127649)#008' 8-max (real money) Seat #2 is the button
Seat 1: cannibal69 (27382)
Seat 2: manggy94 (13474)
Seat 3: OlfSpw (38838)
Seat 4: -JuLiYa- (22766)
Seat 5: walt 06 (12515)
Seat 6: LifeOfPablo (30137)
Seat 7: Nicolucho13 (5677)
*** ANTE/BLINDS ***
OlfSpw posts ante 40
-JuLiYa- posts ante 40
cannibal69 posts ante 40
manggy94 posts ante 40
walt 06 posts ante 40
LifeOfPablo posts ante 40
Nicolucho13 posts ante 40
OlfSpw posts small blind 250
-JuLiYa- posts big blind 500
Dealt to manggy94 [8c Jd]
*** PRE-FLOP *** 
walt 06 folds
LifeOfPablo folds
Nicolucho13 folds
cannibal69 raises 2000 to 2500
manggy94 folds
OlfSpw folds
-JuLiYa- calls 2000
*** FLOP *** [5c Ts 6s]
-JuLiYa- checks
cannibal69 bets 500
-JuLiYa- calls 500
*** TURN *** [5c Ts 6s][7h]
-JuLiYa- checks
cannibal69 bets 500
-JuLiYa- calls 500
*** RIVER *** [5c Ts 6s 7h][9c]
-JuLiYa- checks
cannibal69 checks
*** SHOW DOWN ***
-JuLiYa- shows [Kc Qd] (High card : King)
cannibal69 shows [7c Ah] (One pair : 7)
cannibal69 collected 7530 from pot
*** SUMMARY ***
Total pot 7530 | No rake
Board: [5c Ts 6s 7h 9c]
Seat 1: cannibal69 showed [7c Ah] and won 7530 with One pair : 7
Seat 4: -JuLiYa- (big blind) showed [Kc Qd] and lost with High card : King


Winamax Poker - Tournament "Kill The Fish" buyIn: 9€ + 1€ level: 8 - HandId: #726397721304367113-47-1474135576 - Holdem no limit (40/250/500) - 2016/09/17 18:06:16 UTC
Table: 'Kill The Fish(169127649)#008' 8-max (real money) Seat #3 is the button
Seat 1: cannibal69 (31372)
Seat 2: manggy94 (13434)
Seat 3: OlfSpw (38548)
Seat 4: -JuLiYa- (19226)
Seat 5: walt 06 (12475)
Seat 6: LifeOfPablo (30097)
Seat 7: Nicolucho13 (5637)
Seat 8: patoss51 (10000)
*** ANTE/BLINDS ***
-JuLiYa- posts ante 40
walt 06 posts ante 40
cannibal69 posts ante 40
manggy94 posts ante 40
OlfSpw posts ante 40
LifeOfPablo posts ante 40
Nicolucho13 posts ante 40
patoss51 posts ante 40
-JuLiYa- posts small blind 250
walt 06 posts big blind 500
Dealt to manggy94 [7c Ts]
*** PRE-FLOP *** 
LifeOfPablo folds
Nicolucho13 raises 5097 to 5597 and is all-in
patoss51 calls 5597
cannibal69 folds
manggy94 folds
OlfSpw raises 5097 to 10694
-JuLiYa- folds
walt 06 folds
patoss51 calls 4363 and is all-in
*** FLOP *** [Js Qh 4d]
*** TURN *** [Js Qh 4d][2c]
*** RIVER *** [Js Qh 4d 2c][2s]
*** SHOW DOWN ***
Nicolucho13 shows [Ac 5c] (One pair : 2)
OlfSpw shows [Ah 9d] (One pair : 2)
patoss51 shows [Jh Qs] (Two pairs : Queens and Jacks)
patoss51 collected 26587 from main pot
OlfSpw collected 734 from side pot 1
*** SUMMARY ***
Total pot 27321 | No rake
Board: [Js Qh 4d 2c 2s]
Seat 3: OlfSpw (button) showed [Ah 9d] and won 734 with One pair : 2
Seat 7: Nicolucho13 showed [Ac 5c] and lost with One pair : 2
Seat 8: patoss51 showed [Jh Qs] and won 26587 with Two pairs : Queens and Jacks


Winamax Poker - Tournament "Kill The Fish" buyIn: 9€ + 1€ level: 8 - HandId: #726397721304367113-48-1474135633 - Holdem no limit (40/250/500) - 2016/09/17 18:07:13 UTC
Table: 'Kill The Fish(169127649)#008' 8-max (real money) Seat #4 is the button
Seat 1: cannibal69 (31332)
Seat 2: manggy94 (13394)
Seat 3: OlfSpw (28548)
Seat 4: -JuLiYa- (18936)
Seat 5: walt 06 (11935)
Seat 6: LifeOfPablo (30057)
Seat 8: patoss51 (26587)
*** ANTE/BLINDS ***
walt 06 posts ante 40
LifeOfPablo posts ante 40
cannibal69 posts ante 40
manggy94 posts ante 40
OlfSpw posts ante 40
-JuLiYa- posts ante 40
patoss51 posts ante 40
walt 06 posts small blind 250
LifeOfPablo posts big blind 500
Dealt to manggy94 [9s 4c]
*** PRE-FLOP *** 
patoss51 calls 500
cannibal69 folds
manggy94 folds
OlfSpw folds
-JuLiYa- calls 500
walt 06 calls 250
LifeOfPablo checks
*** FLOP *** [2c Jh 6c]
walt 06 checks
LifeOfPablo checks
patoss51 checks
-JuLiYa- checks
*** TURN *** [2c Jh 6c][5d]
walt 06 checks
LifeOfPablo checks
patoss51 bets 1710
-JuLiYa- calls 1710
walt 06 folds
LifeOfPablo folds
*** RIVER *** [2c Jh 6c 5d][5c]
patoss51 bets 3800
-JuLiYa- folds
patoss51 collected 9500 from pot
*** SUMMARY ***
Total pot 9500 | No rake
Board: [2c Jh 6c 5d 5c]
Seat 8: patoss51 won 9500


Winamax Poker - Tournament "Kill The Fish" buyIn: 9€ + 1€ level: 9 - HandId: #726397721304367113-49-1474135738 - Holdem no limit (60/300/600) - 2016/09/17 18:08:58 UTC
Table: 'Kill The Fish(169127649)#008' 8-max (real money) Seat #5 is the button
Seat 1: cannibal69 (31292)
Seat 2: manggy94 (13354)
Seat 3: OlfSpw (28508)
Seat 4: -JuLiYa- (16686)
Seat 5: walt 06 (11395)
Seat 6: LifeOfPablo (29517)
Seat 7: Jeanloup69 (10000)
Seat 8: patoss51 (30037)
*** ANTE/BLINDS ***
LifeOfPablo posts ante 60
Jeanloup69 posts ante 60
cannibal69 posts ante 60
manggy94 posts ante 60
OlfSpw posts ante 60
-JuLiYa- posts ante 60
walt 06 posts ante 60
patoss51 posts ante 60
LifeOfPablo posts small blind 300
Jeanloup69 posts big blind 600
Dealt to manggy94 [As Td]
*** PRE-FLOP *** 
patoss51 folds
cannibal69 folds
manggy94 calls 600
OlfSpw folds
-JuLiYa- calls 600
walt 06 calls 600
LifeOfPablo folds
Jeanloup69 checks
*** FLOP *** [3c 3d Ks]
Jeanloup69 checks
manggy94 checks
-JuLiYa- checks
walt 06 checks
*** TURN *** [3c 3d Ks][9d]
Jeanloup69 checks
manggy94 bets 600
-JuLiYa- calls 600
walt 06 calls 600
Jeanloup69 folds
*** RIVER *** [3c 3d Ks 9d][4s]
manggy94 checks
-JuLiYa- checks
walt 06 checks
*** SHOW DOWN ***
manggy94 shows [As Td] (One pair : 3)
-JuLiYa- shows [Ac 9c] (Two pairs : 9 and 3)
walt 06 shows [Ah 9s] (Two pairs : 9 and 3)
walt 06 collected 2490 from pot
-JuLiYa- collected 2490 from pot
*** SUMMARY ***
Total pot 4980 | No rake
Board: [3c 3d Ks 9d 4s]
Seat 2: manggy94 showed [As Td] and lost with One pair : 3
Seat 4: -JuLiYa- showed [Ac 9c] and won 2490 with Two pairs : 9 and 3
Seat 5: walt 06 (button) showed [Ah 9s] and won 2490 with Two pairs : 9 and 3


Winamax Poker - Tournament "Kill The Fish" buyIn: 9€ + 1€ level: 9 - HandId: #726397721304367113-50-1474135784 - Holdem no limit (60/300/600) - 2016/09/17 18:09:44 UTC
Table: 'Kill The Fish(169127649)#008' 8-max (real money) Seat #6 is the button
Seat 1: cannibal69 (31232)
Seat 2: manggy94 (12094)
Seat 3: OlfSpw (28448)
Seat 4: -JuLiYa- (17916)
Seat 5: walt 06 (12625)
Seat 6: LifeOfPablo (29157)
Seat 7: Jeanloup69 (9340)
Seat 8: patoss51 (29977)
*** ANTE/BLINDS ***
Jeanloup69 posts ante 60
patoss51 posts ante 60
cannibal69 posts ante 60
manggy94 posts ante 60
OlfSpw posts ante 60
-JuLiYa- posts ante 60
walt 06 posts ante 60
LifeOfPablo posts ante 60
Jeanloup69 posts small blind 300
patoss51 posts big blind 600
Dealt to manggy94 [5c 4h]
*** PRE-FLOP *** 
cannibal69 folds
manggy94 folds
OlfSpw folds
-JuLiYa- folds
walt 06 raises 1200 to 1800
LifeOfPablo folds
Jeanloup69 calls 1500
patoss51 calls 1200
*** FLOP *** [2d 7d As]
Jeanloup69 checks
patoss51 bets 600
walt 06 calls 600
Jeanloup69 calls 600
*** TURN *** [2d 7d As][Qc]
Jeanloup69 checks
patoss51 checks
walt 06 checks
*** RIVER *** [2d 7d As Qc][Kc]
Jeanloup69 bets 6880 and is all-in
patoss51 folds
walt 06 folds
Jeanloup69 collected 14560 from pot
*** SUMMARY ***
Total pot 14560 | No rake
Board: [2d 7d As Qc Kc]
Seat 7: Jeanloup69 (small blind) won 14560


Winamax Poker - Tournament "Kill The Fish" buyIn: 9€ + 1€ level: 9 - HandId: #726397721304367113-51-1474135871 - Holdem no limit (60/300/600) - 2016/09/17 18:11:11 UTC
Table: 'Kill The Fish(169127649)#008' 8-max (real money) Seat #7 is the button
Seat 1: cannibal69 (31172)
Seat 2: manggy94 (12034)
Seat 3: OlfSpw (28388)
Seat 4: -JuLiYa- (17856)
Seat 5: walt 06 (10165)
Seat 6: LifeOfPablo (29097)
Seat 7: Jeanloup69 (14560)
Seat 8: patoss51 (27517)
*** ANTE/BLINDS ***
patoss51 posts ante 60
cannibal69 posts ante 60
manggy94 posts ante 60
OlfSpw posts ante 60
-JuLiYa- posts ante 60
walt 06 posts ante 60
LifeOfPablo posts ante 60
Jeanloup69 posts ante 60
patoss51 posts small blind 300
cannibal69 posts big blind 600
Dealt to manggy94 [3d Th]
*** PRE-FLOP *** 
manggy94 folds
OlfSpw folds
-JuLiYa- folds
walt 06 folds
LifeOfPablo folds
Jeanloup69 calls 600
patoss51 folds
cannibal69 checks
*** FLOP *** [Tc Qd 2s]
cannibal69 bets 600
Jeanloup69 calls 600
*** TURN *** [Tc Qd 2s][2h]
cannibal69 bets 600
Jeanloup69 calls 600
*** RIVER *** [Tc Qd 2s 2h][3s]
cannibal69 bets 2190
Jeanloup69 calls 2190
*** SHOW DOWN ***
cannibal69 shows [9d Jh] (One pair : 2)
Jeanloup69 shows [8s Qc] (Two pairs : Queens and 2)
Jeanloup69 collected 8760 from pot
*** SUMMARY ***
Total pot 8760 | No rake
Board: [Tc Qd 2s 2h 3s]
Seat 1: cannibal69 (big blind) showed [9d Jh] and lost with One pair : 2
Seat 7: Jeanloup69 (button) showed [8s Qc] and won 8760 with Two pairs : Queens and 2


Winamax Poker - Tournament "Kill The Fish" buyIn: 9€ + 1€ level: 9 - HandId: #726397721304367113-52-1474135919 - Holdem no limit (60/300/600) - 2016/09/17 18:11:59 UTC
Table: 'Kill The Fish(169127649)#008' 8-max (real money) Seat #8 is the button
Seat 1: cannibal69 (27122)
Seat 2: manggy94 (11974)
Seat 3: OlfSpw (28328)
Seat 4: -JuLiYa- (17796)
Seat 5: walt 06 (10105)
Seat 6: LifeOfPablo (29037)
Seat 7: Jeanloup69 (19270)
Seat 8: patoss51 (27157)
*** ANTE/BLINDS ***
cannibal69 posts ante 60
manggy94 posts ante 60
OlfSpw posts ante 60
-JuLiYa- posts ante 60
walt 06 posts ante 60
LifeOfPablo posts ante 60
Jeanloup69 posts ante 60
patoss51 posts ante 60
cannibal69 posts small blind 300
manggy94 posts big blind 600
Dealt to manggy94 [8c 6s]
*** PRE-FLOP *** 
OlfSpw raises 750 to 1350
-JuLiYa- calls 1350
walt 06 raises 8695 to 10045 and is all-in
LifeOfPablo folds
Jeanloup69 folds
patoss51 folds
cannibal69 calls 9745
manggy94 folds
OlfSpw raises 18223 to 28268 and is all-in
-JuLiYa- calls 16386 and is all-in
cannibal69 calls 17017 and is all-in
*** FLOP *** [3s Kh 3h]
*** TURN *** [3s Kh 3h][6h]
*** RIVER *** [3s Kh 3h 6h][8h]
*** SHOW DOWN ***
cannibal69 shows [Js Kd] (Two pairs : Kings and 3)
walt 06 shows [Ts Tc] (Two pairs : Tens and 3)
OlfSpw shows [Ac Ad] (Two pairs : Aces and 3)
-JuLiYa- shows [As Qh] (Flush King high)
-JuLiYa- collected 64333 from main pot
OlfSpw collected 19858 from side pot 1
*** SUMMARY ***
Total pot 84191 | No rake
Board: [3s Kh 3h 6h 8h]
Seat 1: cannibal69 (small blind) showed [Js Kd] and lost with Two pairs : Kings and 3
Seat 3: OlfSpw showed [Ac Ad] and won 19858 with Two pairs : Aces and 3
Seat 4: -JuLiYa- showed [As Qh] and won 64333 with Flush King high
Seat 5: walt 06 showed [Ts Tc] and lost with Two pairs : Tens and 3


Winamax Poker - Tournament "Kill The Fish" buyIn: 9€ + 1€ level: 9 - HandId: #726397721304367113-53-1474135982 - Holdem no limit (60/300/600) - 2016/09/17 18:13:02 UTC
Table: 'Kill The Fish(169127649)#008' 8-max (real money) Seat #1 is the button
Seat 2: manggy94 (11314)
Seat 3: OlfSpw (19858)
Seat 4: -JuLiYa- (64333)
Seat 6: LifeOfPablo (28977)
Seat 7: Jeanloup69 (19210)
Seat 8: patoss51 (27097)
*** ANTE/BLINDS ***
manggy94 posts ante 60
OlfSpw posts ante 60
-JuLiYa- posts ante 60
LifeOfPablo posts ante 60
Jeanloup69 posts ante 60
patoss51 posts ante 60
manggy94 posts small blind 300
OlfSpw posts big blind 600
Dealt to manggy94 [3s 2s]
*** PRE-FLOP *** 
-JuLiYa- folds
LifeOfPablo raises 900 to 1500
Jeanloup69 folds
patoss51 folds
manggy94 folds
OlfSpw folds
LifeOfPablo collected 2760 from pot
*** SUMMARY ***
Total pot 2760 | No rake
Seat 6: LifeOfPablo won 2760


Winamax Poker - Tournament "Kill The Fish" buyIn: 9€ + 1€ level: 9 - HandId: #726397721304367113-54-1474136019 - Holdem no limit (60/300/600) - 2016/09/17 18:13:39 UTC
Table: 'Kill The Fish(169127649)#008' 8-max (real money) Seat #2 is the button
Seat 2: manggy94 (10954)
Seat 3: OlfSpw (19198)
Seat 4: -JuLiYa- (64273)
Seat 6: LifeOfPablo (30177)
Seat 7: Jeanloup69 (19150)
Seat 8: patoss51 (27037)
*** ANTE/BLINDS ***
OlfSpw posts ante 60
-JuLiYa- posts ante 60
manggy94 posts ante 60
LifeOfPablo posts ante 60
Jeanloup69 posts ante 60
patoss51 posts ante 60
OlfSpw posts small blind 300
-JuLiYa- posts big blind 600
Dealt to manggy94 [As 5d]
*** PRE-FLOP *** 
LifeOfPablo raises 600 to 1200
Jeanloup69 folds
patoss51 folds
manggy94 calls 1200
OlfSpw folds
-JuLiYa- calls 600
*** FLOP *** [4s 5c 8s]
-JuLiYa- checks
LifeOfPablo checks
manggy94 bets 9694 and is all-in
-JuLiYa- folds
LifeOfPablo folds
manggy94 collected 13954 from pot
*** SUMMARY ***
Total pot 13954 | No rake
Board: [4s 5c 8s]
Seat 2: manggy94 (button) won 13954


Winamax Poker - Tournament "Kill The Fish" buyIn: 9€ + 1€ level: 10 - HandId: #726397721304367113-55-1474136063 - Holdem no limit (75/400/800) - 2016/09/17 18:14:23 UTC
Table: 'Kill The Fish(169127649)#008' 8-max (real money) Seat #3 is the button
Seat 2: manggy94 (13954)
Seat 3: OlfSpw (18838)
Seat 4: -JuLiYa- (63013)
Seat 5: JSscrub (28585)
Seat 6: LifeOfPablo (28917)
Seat 7: Jeanloup69 (19090)
Seat 8: patoss51 (26977)
*** ANTE/BLINDS ***
-JuLiYa- posts ante 75
JSscrub posts ante 75
manggy94 posts ante 75
OlfSpw posts ante 75
LifeOfPablo posts ante 75
Jeanloup69 posts ante 75
patoss51 posts ante 75
-JuLiYa- posts small blind 400
JSscrub posts big blind 800
Dealt to manggy94 [8c Ts]
*** PRE-FLOP *** 
LifeOfPablo folds
Jeanloup69 calls 800
patoss51 folds
manggy94 folds
OlfSpw folds
-JuLiYa- calls 400
JSscrub checks
*** FLOP *** [Jh Kc 8s]
-JuLiYa- checks
JSscrub checks
Jeanloup69 bets 800
-JuLiYa- folds
JSscrub folds
Jeanloup69 collected 3725 from pot
*** SUMMARY ***
Total pot 3725 | No rake
Board: [Jh Kc 8s]
Seat 7: Jeanloup69 won 3725


Winamax Poker - Tournament "Kill The Fish" buyIn: 9€ + 1€ level: 10 - HandId: #726397721304367113-56-1474136102 - Holdem no limit (75/400/800) - 2016/09/17 18:15:02 UTC
Table: 'Kill The Fish(169127649)#008' 8-max (real money) Seat #4 is the button
Seat 2: manggy94 (13879)
Seat 3: OlfSpw (18763)
Seat 4: -JuLiYa- (62138)
Seat 5: JSscrub (27710)
Seat 6: LifeOfPablo (28842)
Seat 7: Jeanloup69 (21140)
Seat 8: patoss51 (26902)
*** ANTE/BLINDS ***
JSscrub posts ante 75
LifeOfPablo posts ante 75
manggy94 posts ante 75
OlfSpw posts ante 75
-JuLiYa- posts ante 75
Jeanloup69 posts ante 75
patoss51 posts ante 75
JSscrub posts small blind 400
LifeOfPablo posts big blind 800
Dealt to manggy94 [6c 4s]
*** PRE-FLOP *** 
Jeanloup69 folds
patoss51 calls 800
manggy94 folds
OlfSpw raises 2064 to 2864
-JuLiYa- calls 2864
JSscrub folds
LifeOfPablo folds
patoss51 folds
*** FLOP *** [2c 8d 8h]
OlfSpw bets 3054
-JuLiYa- calls 3054
*** TURN *** [2c 8d 8h][Qh]
OlfSpw bets 12770 and is all-in
-JuLiYa- calls 12770
*** RIVER *** [2c 8d 8h Qh][4h]
*** SHOW DOWN ***
OlfSpw shows [As Th] (One pair : 8)
-JuLiYa- shows [Ts 8c] (Trips of 8)
-JuLiYa- collected 39901 from pot
*** SUMMARY ***
Total pot 39901 | No rake
Board: [2c 8d 8h Qh 4h]
Seat 3: OlfSpw showed [As Th] and lost with One pair : 8
Seat 4: -JuLiYa- (button) showed [Ts 8c] and won 39901 with Trips of 8


Winamax Poker - Tournament "Kill The Fish" buyIn: 9€ + 1€ level: 10 - HandId: #726397721304367113-57-1474136176 - Holdem no limit (75/400/800) - 2016/09/17 18:16:16 UTC
Table: 'Kill The Fish(169127649)#008' 8-max (real money) Seat #5 is the button
Seat 1: nypostylrrr (41268)
Seat 2: manggy94 (13804)
Seat 4: -JuLiYa- (83276)
Seat 5: JSscrub (27235)
Seat 6: LifeOfPablo (27967)
Seat 7: Jeanloup69 (21065)
Seat 8: patoss51 (26027)
*** ANTE/BLINDS ***
LifeOfPablo posts ante 75
Jeanloup69 posts ante 75
nypostylrrr posts ante 75
manggy94 posts ante 75
-JuLiYa- posts ante 75
JSscrub posts ante 75
patoss51 posts ante 75
LifeOfPablo posts small blind 400
Jeanloup69 posts big blind 800
Dealt to manggy94 [Ah As]
*** PRE-FLOP *** 
patoss51 folds
nypostylrrr raises 1200 to 2000
manggy94 raises 5725 to 7725
-JuLiYa- folds
JSscrub folds
LifeOfPablo folds
Jeanloup69 folds
nypostylrrr folds
manggy94 collected 11450 from pot
*** SUMMARY ***
Total pot 11450 | No rake
Seat 2: manggy94 won 11450


Winamax Poker - Tournament "Kill The Fish" buyIn: 9€ + 1€ level: 10 - HandId: #726397721304367113-58-1474136203 - Holdem no limit (75/400/800) - 2016/09/17 18:16:43 UTC
Table: 'Kill The Fish(169127649)#008' 8-max (real money) Seat #6 is the button
Seat 1: nypostylrrr (39193)
Seat 2: manggy94 (17454)
Seat 4: -JuLiYa- (83201)
Seat 5: JSscrub (27160)
Seat 6: LifeOfPablo (27492)
Seat 7: Jeanloup69 (20190)
Seat 8: patoss51 (25952)
*** ANTE/BLINDS ***
Jeanloup69 posts ante 75
patoss51 posts ante 75
nypostylrrr posts ante 75
manggy94 posts ante 75
-JuLiYa- posts ante 75
JSscrub posts ante 75
LifeOfPablo posts ante 75
Jeanloup69 posts small blind 400
patoss51 posts big blind 800
Dealt to manggy94 [Jc 7h]
*** PRE-FLOP *** 
nypostylrrr folds
manggy94 folds
-JuLiYa- folds
JSscrub folds
LifeOfPablo raises 800 to 1600
Jeanloup69 folds
patoss51 raises 3200 to 4800
LifeOfPablo folds
patoss51 collected 7325 from pot
*** SUMMARY ***
Total pot 7325 | No rake
Seat 8: patoss51 (big blind) won 7325


Winamax Poker - Tournament "Kill The Fish" buyIn: 9€ + 1€ level: 10 - HandId: #726397721304367113-59-1474136232 - Holdem no limit (75/400/800) - 2016/09/17 18:17:12 UTC
Table: 'Kill The Fish(169127649)#008' 8-max (real money) Seat #7 is the button
Seat 1: nypostylrrr (39118)
Seat 2: manggy94 (17379)
Seat 4: -JuLiYa- (83126)
Seat 5: JSscrub (27085)
Seat 6: LifeOfPablo (25817)
Seat 7: Jeanloup69 (19715)
Seat 8: patoss51 (28402)
*** ANTE/BLINDS ***
patoss51 posts ante 75
nypostylrrr posts ante 75
manggy94 posts ante 75
-JuLiYa- posts ante 75
JSscrub posts ante 75
LifeOfPablo posts ante 75
Jeanloup69 posts ante 75
patoss51 posts small blind 400
nypostylrrr posts big blind 800
Dealt to manggy94 [8c Jc]
*** PRE-FLOP *** 
manggy94 calls 800
-JuLiYa- folds
JSscrub folds
LifeOfPablo folds
Jeanloup69 calls 800
patoss51 calls 400
nypostylrrr checks
*** FLOP *** [8d 6h Js]
patoss51 checks
nypostylrrr checks
manggy94 bets 3725
Jeanloup69 calls 3725
patoss51 folds
nypostylrrr folds
*** TURN *** [8d 6h Js][3d]
manggy94 bets 12779 and is all-in
Jeanloup69 folds
manggy94 collected 23954 from pot
*** SUMMARY ***
Total pot 23954 | No rake
Board: [8d 6h Js 3d]
Seat 2: manggy94 won 23954


Winamax Poker - Tournament "Kill The Fish" buyIn: 9€ + 1€ level: 10 - HandId: #726397721304367113-60-1474136336 - Holdem no limit (75/400/800) - 2016/09/17 18:18:56 UTC
Table: 'Kill The Fish(169127649)#008' 8-max (real money) Seat #8 is the button
Seat 1: nypostylrrr (38243)
Seat 2: manggy94 (23954)
Seat 3: LULUPACA (23141)
Seat 4: -JuLiYa- (83051)
Seat 5: JSscrub (27010)
Seat 6: LifeOfPablo (25742)
Seat 7: Jeanloup69 (15115)
Seat 8: patoss51 (27527)
*** ANTE/BLINDS ***
nypostylrrr posts ante 75
manggy94 posts ante 75
LULUPACA posts ante 75
-JuLiYa- posts ante 75
JSscrub posts ante 75
LifeOfPablo posts ante 75
Jeanloup69 posts ante 75
patoss51 posts ante 75
nypostylrrr posts small blind 400
manggy94 posts big blind 800
Dealt to manggy94 [4h Qc]
*** PRE-FLOP *** 
LULUPACA raises 800 to 1600
-JuLiYa- calls 1600
JSscrub folds
LifeOfPablo folds
Jeanloup69 folds
patoss51 calls 1600
nypostylrrr folds
manggy94 calls 800
*** FLOP *** [Js 3c 7s]
manggy94 checks
LULUPACA bets 4933
-JuLiYa- folds
patoss51 folds
manggy94 folds
LULUPACA collected 12333 from pot
*** SUMMARY ***
Total pot 12333 | No rake
Board: [Js 3c 7s]
Seat 3: LULUPACA won 12333


Winamax Poker - Tournament "Kill The Fish" buyIn: 9€ + 1€ level: 10 - HandId: #726397721304367113-61-1474136387 - Holdem no limit (75/400/800) - 2016/09/17 18:19:47 UTC
Table: 'Kill The Fish(169127649)#008' 8-max (real money) Seat #1 is the button
Seat 1: nypostylrrr (37768)
Seat 2: manggy94 (22279)
Seat 3: LULUPACA (28866)
Seat 4: -JuLiYa- (81376)
Seat 5: JSscrub (26935)
Seat 6: LifeOfPablo (25667)
Seat 7: Jeanloup69 (15040)
Seat 8: patoss51 (25852)
*** ANTE/BLINDS ***
manggy94 posts ante 75
LULUPACA posts ante 75
nypostylrrr posts ante 75
-JuLiYa- posts ante 75
JSscrub posts ante 75
LifeOfPablo posts ante 75
Jeanloup69 posts ante 75
patoss51 posts ante 75
manggy94 posts small blind 400
LULUPACA posts big blind 800
Dealt to manggy94 [9d 7h]
*** PRE-FLOP *** 
-JuLiYa- folds
JSscrub raises 1200 to 2000
LifeOfPablo folds
Jeanloup69 calls 2000
patoss51 calls 2000
nypostylrrr calls 2000
manggy94 folds
LULUPACA calls 1200
*** FLOP *** [6h 4c 9c]
LULUPACA checks
JSscrub checks
Jeanloup69 checks
patoss51 bets 5500
nypostylrrr folds
LULUPACA folds
JSscrub folds
Jeanloup69 folds
patoss51 collected 16500 from pot
*** SUMMARY ***
Total pot 16500 | No rake
Board: [6h 4c 9c]
Seat 8: patoss51 won 16500


Winamax Poker - Tournament "Kill The Fish" buyIn: 9€ + 1€ level: 11 - HandId: #726397721304367113-62-1474136476 - Holdem no limit (100/500/1000) - 2016/09/17 18:21:16 UTC
Table: 'Kill The Fish(169127649)#008' 8-max (real money) Seat #2 is the button
Seat 1: nypostylrrr (35693)
Seat 2: manggy94 (21804)
Seat 3: LULUPACA (26791)
Seat 4: -JuLiYa- (81301)
Seat 5: JSscrub (24860)
Seat 6: LifeOfPablo (25592)
Seat 7: Jeanloup69 (12965)
Seat 8: patoss51 (34777)
*** ANTE/BLINDS ***
LULUPACA posts ante 100
-JuLiYa- posts ante 100
nypostylrrr posts ante 100
manggy94 posts ante 100
JSscrub posts ante 100
LifeOfPablo posts ante 100
Jeanloup69 posts ante 100
patoss51 posts ante 100
LULUPACA posts small blind 500
-JuLiYa- posts big blind 1000
Dealt to manggy94 [Ks 5s]
*** PRE-FLOP *** 
JSscrub folds
LifeOfPablo folds
Jeanloup69 folds
patoss51 folds
nypostylrrr folds
manggy94 folds
LULUPACA calls 500
-JuLiYa- checks
*** FLOP *** [Jh 4c 7d]
LULUPACA checks
-JuLiYa- bets 1500
LULUPACA calls 1500
*** TURN *** [Jh 4c 7d][3h]
LULUPACA checks
-JuLiYa- checks
*** RIVER *** [Jh 4c 7d 3h][2d]
LULUPACA bets 5800
-JuLiYa- folds
LULUPACA collected 11600 from pot
*** SUMMARY ***
Total pot 11600 | No rake
Board: [Jh 4c 7d 3h 2d]
Seat 3: LULUPACA (small blind) won 11600


Winamax Poker - Tournament "Kill The Fish" buyIn: 9€ + 1€ level: 11 - HandId: #726397721304367113-63-1474136536 - Holdem no limit (100/500/1000) - 2016/09/17 18:22:16 UTC
Table: 'Kill The Fish(169127649)#008' 8-max (real money) Seat #3 is the button
Seat 1: nypostylrrr (35593)
Seat 2: manggy94 (21704)
Seat 3: LULUPACA (29991)
Seat 4: -JuLiYa- (78701)
Seat 5: JSscrub (24760)
Seat 6: LifeOfPablo (25492)
Seat 7: Jeanloup69 (12865)
Seat 8: patoss51 (34677)
*** ANTE/BLINDS ***
-JuLiYa- posts ante 100
JSscrub posts ante 100
nypostylrrr posts ante 100
manggy94 posts ante 100
LULUPACA posts ante 100
LifeOfPablo posts ante 100
Jeanloup69 posts ante 100
patoss51 posts ante 100
-JuLiYa- posts small blind 500
JSscrub posts big blind 1000
Dealt to manggy94 [6h Tc]
*** PRE-FLOP *** 
LifeOfPablo folds
Jeanloup69 calls 1000
patoss51 calls 1000
nypostylrrr calls 1000
manggy94 folds
LULUPACA calls 1000
-JuLiYa- calls 500
JSscrub checks
*** FLOP *** [4s Ts 3c]
-JuLiYa- checks
JSscrub checks
Jeanloup69 checks
patoss51 bets 3400
nypostylrrr folds
LULUPACA folds
-JuLiYa- folds
JSscrub folds
Jeanloup69 calls 3400
*** TURN *** [4s Ts 3c][8d]
Jeanloup69 checks
patoss51 bets 6800
Jeanloup69 calls 6800
*** RIVER *** [4s Ts 3c 8d][Kc]
Jeanloup69 checks
patoss51 bets 13600
Jeanloup69 calls 1565 and is all-in
*** SHOW DOWN ***
Jeanloup69 shows [9s 6s] (High card : King)
patoss51 shows [Ks Th] (Two pairs : Kings and Tens)
patoss51 collected 42365 from pot
*** SUMMARY ***
Total pot 42365 | No rake
Board: [4s Ts 3c 8d Kc]
Seat 7: Jeanloup69 showed [9s 6s] and lost with High card : King
Seat 8: patoss51 showed [Ks Th] and won 42365 with Two pairs : Kings and Tens


Winamax Poker - Tournament "Kill The Fish" buyIn: 9€ + 1€ level: 11 - HandId: #726397721304367113-64-1474136606 - Holdem no limit (100/500/1000) - 2016/09/17 18:23:26 UTC
Table: 'Kill The Fish(169127649)#008' 8-max (real money) Seat #4 is the button
Seat 1: nypostylrrr (34493)
Seat 2: manggy94 (21604)
Seat 3: LULUPACA (28891)
Seat 4: -JuLiYa- (77601)
Seat 5: JSscrub (23660)
Seat 6: LifeOfPablo (25392)
Seat 8: patoss51 (52142)
*** ANTE/BLINDS ***
JSscrub posts ante 100
LifeOfPablo posts ante 100
nypostylrrr posts ante 100
manggy94 posts ante 100
LULUPACA posts ante 100
-JuLiYa- posts ante 100
patoss51 posts ante 100
JSscrub posts small blind 500
LifeOfPablo posts big blind 1000
Dealt to manggy94 [Td 5h]
*** PRE-FLOP *** 
patoss51 folds
nypostylrrr raises 1500 to 2500
manggy94 folds
LULUPACA folds
-JuLiYa- calls 2500
JSscrub folds
LifeOfPablo folds
*** FLOP *** [Qs 6s 9s]
nypostylrrr checks
-JuLiYa- checks
*** TURN *** [Qs 6s 9s][8d]
nypostylrrr bets 2000
-JuLiYa- calls 2000
*** RIVER *** [Qs 6s 9s 8d][8s]
nypostylrrr checks
-JuLiYa- checks
*** SHOW DOWN ***
nypostylrrr shows [Ac 9d] (Two pairs : 9 and 8)
-JuLiYa- shows [Jh Qd] (Two pairs : Queens and 8)
-JuLiYa- collected 11200 from pot
*** SUMMARY ***
Total pot 11200 | No rake
Board: [Qs 6s 9s 8d 8s]
Seat 1: nypostylrrr showed [Ac 9d] and lost with Two pairs : 9 and 8
Seat 4: -JuLiYa- (button) showed [Jh Qd] and won 11200 with Two pairs : Queens and 8


Winamax Poker - Tournament "Kill The Fish" buyIn: 9€ + 1€ level: 11 - HandId: #726397721304367113-65-1474136655 - Holdem no limit (100/500/1000) - 2016/09/17 18:24:15 UTC
Table: 'Kill The Fish(169127649)#008' 8-max (real money) Seat #5 is the button
Seat 1: nypostylrrr (29893)
Seat 2: manggy94 (21504)
Seat 3: LULUPACA (28791)
Seat 4: -JuLiYa- (84201)
Seat 5: JSscrub (23060)
Seat 6: LifeOfPablo (24292)
Seat 8: patoss51 (52042)
*** ANTE/BLINDS ***
LifeOfPablo posts ante 100
patoss51 posts ante 100
nypostylrrr posts ante 100
manggy94 posts ante 100
LULUPACA posts ante 100
-JuLiYa- posts ante 100
JSscrub posts ante 100
LifeOfPablo posts small blind 500
patoss51 posts big blind 1000
Dealt to manggy94 [Kh Kc]
*** PRE-FLOP *** 
nypostylrrr folds
manggy94 raises 3200 to 4200
LULUPACA folds
-JuLiYa- calls 4200
JSscrub folds
LifeOfPablo folds
patoss51 calls 3200
*** FLOP *** [6d Qh 6h]
patoss51 checks
manggy94 bets 6900
-JuLiYa- calls 6900
patoss51 folds
*** TURN *** [6d Qh 6h][Kd]
manggy94 bets 10304 and is all-in
-JuLiYa- calls 10304
*** RIVER *** [6d Qh 6h Kd][7c]
*** SHOW DOWN ***
-JuLiYa- shows [Qs Qd] (Full of Queens and 6)
manggy94 shows [Kh Kc] (Full of Kings and 6)
manggy94 collected 48208 from pot
*** SUMMARY ***
Total pot 48208 | No rake
Board: [6d Qh 6h Kd 7c]
Seat 2: manggy94 showed [Kh Kc] and won 48208 with Full of Kings and 6
Seat 4: -JuLiYa- showed [Qs Qd] and lost with Full of Queens and 6


Winamax Poker - Tournament "Kill The Fish" buyIn: 9€ + 1€ level: 11 - HandId: #726397721304367113-66-1474136697 - Holdem no limit (100/500/1000) - 2016/09/17 18:24:57 UTC
Table: 'Kill The Fish(169127649)#008' 8-max (real money) Seat #6 is the button
Seat 1: nypostylrrr (29793)
Seat 2: manggy94 (48208)
Seat 3: LULUPACA (28691)
Seat 4: -JuLiYa- (62697)
Seat 5: JSscrub (22960)
Seat 6: LifeOfPablo (23692)
Seat 7: le mau 13 (14180)
Seat 8: patoss51 (47742)
*** ANTE/BLINDS ***
patoss51 posts ante 100
nypostylrrr posts ante 100
manggy94 posts ante 100
LULUPACA posts ante 100
-JuLiYa- posts ante 100
JSscrub posts ante 100
LifeOfPablo posts ante 100
patoss51 posts small blind 500
nypostylrrr posts big blind 1000
Dealt to manggy94 [Th Kd]
*** PRE-FLOP *** 
manggy94 calls 1000
LULUPACA folds
-JuLiYa- folds
JSscrub folds
LifeOfPablo folds
patoss51 folds
nypostylrrr checks
*** FLOP *** [5c 7c 6h]
nypostylrrr checks
manggy94 bets 1600
nypostylrrr raises 1600 to 3200
manggy94 calls 1600
*** TURN *** [5c 7c 6h][5h]
nypostylrrr bets 6000
manggy94 folds
nypostylrrr shows [9h 8c] (Straight 9 high)
nypostylrrr collected 15600 from pot
*** SUMMARY ***
Total pot 15600 | No rake
Board: [5c 7c 6h 5h]
Seat 1: nypostylrrr (big blind) showed [9h 8c] and won 15600 with Straight 9 high


Winamax Poker - Tournament "Kill The Fish" buyIn: 9€ + 1€ level: 11 - HandId: #726397721304367113-67-1474136740 - Holdem no limit (100/500/1000) - 2016/09/17 18:25:40 UTC
Table: 'Kill The Fish(169127649)#008' 8-max (real money) Seat #8 is the button
Seat 1: nypostylrrr (35093)
Seat 2: manggy94 (43908)
Seat 3: LULUPACA (28591)
Seat 4: -JuLiYa- (62597)
Seat 5: JSscrub (22860)
Seat 6: LifeOfPablo (23592)
Seat 7: le mau 13 (14180)
Seat 8: patoss51 (47142)
*** ANTE/BLINDS ***
nypostylrrr posts ante 100
manggy94 posts ante 100
LULUPACA posts ante 100
-JuLiYa- posts ante 100
JSscrub posts ante 100
LifeOfPablo posts ante 100
le mau 13 posts ante 100
patoss51 posts ante 100
nypostylrrr posts small blind 500
manggy94 posts big blind 1000
Dealt to manggy94 [4s 6d]
*** PRE-FLOP *** 
LULUPACA folds
-JuLiYa- calls 1000
JSscrub folds
LifeOfPablo folds
le mau 13 calls 1000
patoss51 calls 1000
nypostylrrr calls 500
manggy94 checks
*** FLOP *** [7d 7h 4h]
nypostylrrr checks
manggy94 checks
-JuLiYa- bets 1000
le mau 13 folds
patoss51 calls 1000
nypostylrrr folds
manggy94 folds
*** TURN *** [7d 7h 4h][Jh]
-JuLiYa- bets 5200
patoss51 folds
-JuLiYa- collected 13000 from pot
*** SUMMARY ***
Total pot 13000 | No rake
Board: [7d 7h 4h Jh]
Seat 4: -JuLiYa- won 13000


Winamax Poker - Tournament "Kill The Fish" buyIn: 9€ + 1€ level: 12 - HandId: #726397721304367113-68-1474136803 - Holdem no limit (150/600/1200) - 2016/09/17 18:26:43 UTC
Table: 'Kill The Fish(169127649)#008' 8-max (real money) Seat #1 is the button
Seat 1: nypostylrrr (33993)
Seat 2: manggy94 (42808)
Seat 3: LULUPACA (28491)
Seat 4: -JuLiYa- (68297)
Seat 5: JSscrub (22760)
Seat 6: LifeOfPablo (23492)
Seat 7: le mau 13 (13080)
Seat 8: patoss51 (45042)
*** ANTE/BLINDS ***
manggy94 posts ante 150
LULUPACA posts ante 150
nypostylrrr posts ante 150
-JuLiYa- posts ante 150
JSscrub posts ante 150
LifeOfPablo posts ante 150
le mau 13 posts ante 150
patoss51 posts ante 150
manggy94 posts small blind 600
LULUPACA posts big blind 1200
Dealt to manggy94 [Qd Td]
*** PRE-FLOP *** 
-JuLiYa- folds
JSscrub folds
LifeOfPablo folds
le mau 13 folds
patoss51 folds
nypostylrrr raises 2400 to 3600
manggy94 calls 3000
LULUPACA folds
*** FLOP *** [Ah Qh Ts]
manggy94 bets 4800
nypostylrrr raises 25443 to 30243 and is all-in
manggy94 calls 25443
*** TURN *** [Ah Qh Ts][5c]
*** RIVER *** [Ah Qh Ts 5c][Ks]
*** SHOW DOWN ***
manggy94 shows [Qd Td] (Two pairs : Queens and Tens)
nypostylrrr shows [Qc Ac] (Two pairs : Aces and Queens)
nypostylrrr collected 70086 from pot
*** SUMMARY ***
Total pot 70086 | No rake
Board: [Ah Qh Ts 5c Ks]
Seat 1: nypostylrrr (button) showed [Qc Ac] and won 70086 with Two pairs : Aces and Queens
Seat 2: manggy94 (small blind) showed [Qd Td] and lost with Two pairs : Queens and Tens


Winamax Poker - Tournament "Kill The Fish" buyIn: 9€ + 1€ level: 12 - HandId: #726397721304367113-69-1474136843 - Holdem no limit (150/600/1200) - 2016/09/17 18:27:23 UTC
Table: 'Kill The Fish(169127649)#008' 8-max (real money) Seat #2 is the button
Seat 1: nypostylrrr (70086)
Seat 2: manggy94 (8815)
Seat 3: LULUPACA (27141)
Seat 4: -JuLiYa- (68147)
Seat 6: LifeOfPablo (23342)
Seat 7: le mau 13 (12930)
Seat 8: patoss51 (44892)
*** ANTE/BLINDS ***
LULUPACA posts ante 150
-JuLiYa- posts ante 150
nypostylrrr posts ante 150
manggy94 posts ante 150
LifeOfPablo posts ante 150
le mau 13 posts ante 150
patoss51 posts ante 150
LULUPACA posts small blind 600
-JuLiYa- posts big blind 1200
Dealt to manggy94 [3s 4d]
*** PRE-FLOP *** 
LifeOfPablo raises 1800 to 3000
le mau 13 raises 9780 to 12780 and is all-in
patoss51 folds
nypostylrrr folds
manggy94 folds
LULUPACA folds
-JuLiYa- folds
LifeOfPablo calls 9780
*** FLOP *** [8d Qc 6h]
*** TURN *** [8d Qc 6h][7d]
*** RIVER *** [8d Qc 6h 7d][8s]
*** SHOW DOWN ***
LifeOfPablo shows [Th Ts] (Two pairs : Tens and 8)
le mau 13 shows [Qs Td] (Two pairs : Queens and 8)
le mau 13 collected 28410 from pot
*** SUMMARY ***
Total pot 28410 | No rake
Board: [8d Qc 6h 7d 8s]
Seat 6: LifeOfPablo showed [Th Ts] and lost with Two pairs : Tens and 8
Seat 7: le mau 13 showed [Qs Td] and won 28410 with Two pairs : Queens and 8


Winamax Poker - Tournament "Kill The Fish" buyIn: 9€ + 1€ level: 12 - HandId: #726397721304367113-70-1474136874 - Holdem no limit (150/600/1200) - 2016/09/17 18:27:54 UTC
Table: 'Kill The Fish(169127649)#008' 8-max (real money) Seat #3 is the button
Seat 1: nypostylrrr (69936)
Seat 2: manggy94 (8665)
Seat 3: LULUPACA (26391)
Seat 4: -JuLiYa- (66797)
Seat 6: LifeOfPablo (10412)
Seat 7: le mau 13 (28410)
Seat 8: patoss51 (44742)
*** ANTE/BLINDS ***
-JuLiYa- posts ante 150
LifeOfPablo posts ante 150
nypostylrrr posts ante 150
manggy94 posts ante 150
LULUPACA posts ante 150
le mau 13 posts ante 150
patoss51 posts ante 150
-JuLiYa- posts small blind 600
LifeOfPablo posts big blind 1200
Dealt to manggy94 [6h 7h]
*** PRE-FLOP *** 
le mau 13 folds
patoss51 calls 1200
nypostylrrr folds
manggy94 calls 1200
LULUPACA folds
-JuLiYa- calls 600
LifeOfPablo checks
*** FLOP *** [7s 6d 9h]
-JuLiYa- checks
LifeOfPablo checks
patoss51 checks
manggy94 bets 7315 and is all-in
-JuLiYa- folds
LifeOfPablo folds
patoss51 calls 7315
*** TURN *** [7s 6d 9h][3h]
*** RIVER *** [7s 6d 9h 3h][6s]
*** SHOW DOWN ***
patoss51 shows [5h Ad] (One pair : 6)
manggy94 shows [6h 7h] (Full of 6 and 7)
manggy94 collected 20480 from pot
*** SUMMARY ***
Total pot 20480 | No rake
Board: [7s 6d 9h 3h 6s]
Seat 2: manggy94 showed [6h 7h] and won 20480 with Full of 6 and 7
Seat 8: patoss51 showed [5h Ad] and lost with One pair : 6


Winamax Poker - Tournament "Kill The Fish" buyIn: 9€ + 1€ level: 12 - HandId: #726397721304367113-71-1474136910 - Holdem no limit (150/600/1200) - 2016/09/17 18:28:30 UTC
Table: 'Kill The Fish(169127649)#008' 8-max (real money) Seat #4 is the button
Seat 1: nypostylrrr (69786)
Seat 2: manggy94 (20480)
Seat 3: LULUPACA (26241)
Seat 4: -JuLiYa- (65447)
Seat 6: LifeOfPablo (9062)
Seat 7: le mau 13 (28260)
Seat 8: patoss51 (36077)
*** ANTE/BLINDS ***
LifeOfPablo posts ante 150
le mau 13 posts ante 150
nypostylrrr posts ante 150
manggy94 posts ante 150
LULUPACA posts ante 150
-JuLiYa- posts ante 150
patoss51 posts ante 150
LifeOfPablo posts small blind 600
le mau 13 posts big blind 1200
Dealt to manggy94 [2s Kc]
*** PRE-FLOP *** 
patoss51 folds
nypostylrrr folds
manggy94 folds
LULUPACA folds
-JuLiYa- folds
LifeOfPablo calls 600
le mau 13 raises 6000 to 7200
LifeOfPablo folds
le mau 13 collected 9450 from pot
*** SUMMARY ***
Total pot 9450 | No rake
Seat 7: le mau 13 (big blind) won 9450


Winamax Poker - Tournament "Kill The Fish" buyIn: 9€ + 1€ level: 12 - HandId: #726397721304367113-72-1474136944 - Holdem no limit (150/600/1200) - 2016/09/17 18:29:04 UTC
Table: 'Kill The Fish(169127649)#008' 8-max (real money) Seat #6 is the button
Seat 1: nypostylrrr (69636)
Seat 2: manggy94 (20330)
Seat 3: LULUPACA (26091)
Seat 4: -JuLiYa- (65297)
Seat 6: LifeOfPablo (7712)
Seat 7: le mau 13 (30360)
Seat 8: patoss51 (35927)
*** ANTE/BLINDS ***
le mau 13 posts ante 150
patoss51 posts ante 150
nypostylrrr posts ante 150
manggy94 posts ante 150
LULUPACA posts ante 150
-JuLiYa- posts ante 150
LifeOfPablo posts ante 150
le mau 13 posts small blind 600
patoss51 posts big blind 1200
Dealt to manggy94 [3h 8h]
*** PRE-FLOP *** 
nypostylrrr folds
manggy94 folds
LULUPACA folds
-JuLiYa- folds
LifeOfPablo folds
le mau 13 calls 600
patoss51 raises 2400 to 3600
le mau 13 calls 2400
*** FLOP *** [Td 7s 6s]
le mau 13 checks
patoss51 bets 4125
le mau 13 raises 22485 to 26610 and is all-in
patoss51 calls 22485
*** TURN *** [Td 7s 6s][9c]
*** RIVER *** [Td 7s 6s 9c][Ac]
*** SHOW DOWN ***
patoss51 shows [Tc Kh] (One pair : Tens)
le mau 13 shows [7h 8c] (Straight Ten high)
le mau 13 collected 61470 from pot
*** SUMMARY ***
Total pot 61470 | No rake
Board: [Td 7s 6s 9c Ac]
Seat 7: le mau 13 (small blind) showed [7h 8c] and won 61470 with Straight Ten high
Seat 8: patoss51 (big blind) showed [Tc Kh] and lost with One pair : Tens


Winamax Poker - Tournament "Kill The Fish" buyIn: 9€ + 1€ level: 12 - HandId: #726397721304367113-73-1474137005 - Holdem no limit (150/600/1200) - 2016/09/17 18:30:05 UTC
Table: 'Kill The Fish(169127649)#008' 8-max (real money) Seat #7 is the button
Seat 1: nypostylrrr (69486)
Seat 2: manggy94 (20180)
Seat 3: LULUPACA (25941)
Seat 4: -JuLiYa- (65147)
Seat 6: LifeOfPablo (7562)
Seat 7: le mau 13 (61470)
Seat 8: patoss51 (5567)
*** ANTE/BLINDS ***
patoss51 posts ante 150
nypostylrrr posts ante 150
manggy94 posts ante 150
LULUPACA posts ante 150
-JuLiYa- posts ante 150
LifeOfPablo posts ante 150
le mau 13 posts ante 150
patoss51 posts small blind 600
nypostylrrr posts big blind 1200
Dealt to manggy94 [Qh Ac]
*** PRE-FLOP *** 
manggy94 raises 4050 to 5250
LULUPACA folds
-JuLiYa- folds
LifeOfPablo folds
le mau 13 calls 5250
patoss51 folds
nypostylrrr folds
*** FLOP *** [Th 9c 5d]
manggy94 bets 6675
le mau 13 calls 6675
*** TURN *** [Th 9c 5d][3d]
manggy94 checks
le mau 13 checks
*** RIVER *** [Th 9c 5d 3d][8h]
manggy94 checks
le mau 13 bets 7800
manggy94 calls 7800
*** SHOW DOWN ***
manggy94 shows [Qh Ac] (High card : Ace)
le mau 13 shows [7c 8d] (One pair : 8)
le mau 13 collected 42300 from pot
*** SUMMARY ***
Total pot 42300 | No rake
Board: [Th 9c 5d 3d 8h]
Seat 2: manggy94 showed [Qh Ac] and lost with High card : Ace
Seat 7: le mau 13 (button) showed [7c 8d] and won 42300 with One pair : 8


Winamax Poker - Tournament "Kill The Fish" buyIn: 9€ + 1€ level: 12 - HandId: #726397721304367113-74-1474137073 - Holdem no limit (150/600/1200) - 2016/09/17 18:31:13 UTC
Table: 'Kill The Fish(169127649)#008' 8-max (real money) Seat #8 is the button
Seat 1: nypostylrrr (68136)
Seat 2: manggy94 (305)
Seat 3: LULUPACA (25791)
Seat 4: -JuLiYa- (64997)
Seat 6: LifeOfPablo (7412)
Seat 7: le mau 13 (83895)
Seat 8: patoss51 (4817)
*** ANTE/BLINDS ***
nypostylrrr posts ante 150
manggy94 posts ante 150
LULUPACA posts ante 150
-JuLiYa- posts ante 150
LifeOfPablo posts ante 150
le mau 13 posts ante 150
patoss51 posts ante 150
nypostylrrr posts small blind 600
manggy94 posts big blind 155 and is all-in
Dealt to manggy94 [2s Th]
*** PRE-FLOP *** 
LULUPACA folds
-JuLiYa- raises 2245 to 2400
LifeOfPablo raises 4862 to 7262 and is all-in
le mau 13 calls 7262
patoss51 folds
nypostylrrr calls 6662
-JuLiYa- calls 4862
*** FLOP *** [9h 8c 4s]
nypostylrrr checks
-JuLiYa- checks
le mau 13 checks
*** TURN *** [9h 8c 4s][4h]
nypostylrrr checks
-JuLiYa- bets 6600
le mau 13 calls 6600
nypostylrrr folds
*** RIVER *** [9h 8c 4s 4h][Kh]
-JuLiYa- checks
le mau 13 checks
*** SHOW DOWN ***
manggy94 shows [2s Th] (One pair : 4)
LifeOfPablo shows [As Qh] (One pair : 4)
le mau 13 shows [7s Td] (One pair : 4)
-JuLiYa- shows [8s Tc] (Two pairs : 8 and 4)
-JuLiYa- collected 43453 from pot
*** SUMMARY ***
Total pot 43453 | No rake
Board: [9h 8c 4s 4h Kh]
Seat 2: manggy94 (big blind) showed [2s Th] and lost with One pair : 4
Seat 4: -JuLiYa- showed [8s Tc] and won 43453 with Two pairs : 8 and 4
Seat 6: LifeOfPablo showed [As Qh] and lost with One pair : 4
Seat 7: le mau 13 showed [7s Td] and lost with One pair : 4


