Winamax Poker - Tournament "Qualif. Ticket 5€" buyIn: 0.90€ + 0.10€ level: 8 - HandId: #688897202201821191-3-1465924947 - Holdem no limit (15/75/150) - 2016/06/14 17:22:27 UTC
Table: 'Qualif. Ticket 5€(160396379)#006' 8-max (real money) Seat #1 is the button
Seat 1: cosinussinus (2755)
Seat 2: ramols78 (3245)
Seat 7: manggy94 (3000)
*** ANTE/BLINDS ***
ramols78 posts ante 15
manggy94 posts ante 15
cosinussinus posts ante 15
ramols78 posts small blind 75
manggy94 posts big blind 150
Dealt to manggy94 [3c Kc]
*** PRE-FLOP *** 
cosinussinus folds
ramols78 raises 225 to 375
manggy94 calls 225
*** FLOP *** [9c 4s 9d]
ramols78 bets 375
manggy94 folds
ramols78 collected 1170 from pot
*** SUMMARY ***
Total pot 1170 | No rake
Board: [9c 4s 9d]
Seat 2: ramols78 (small blind) won 1170


Winamax Poker - Tournament "Qualif. Ticket 5€" buyIn: 0.90€ + 0.10€ level: 8 - HandId: #688897202201821191-4-1465924962 - Holdem no limit (15/75/150) - 2016/06/14 17:22:42 UTC
Table: 'Qualif. Ticket 5€(160396379)#006' 8-max (real money) Seat #2 is the button
Seat 1: cosinussinus (2740)
Seat 2: ramols78 (3650)
Seat 7: manggy94 (2610)
*** ANTE/BLINDS ***
manggy94 posts ante 15
cosinussinus posts ante 15
ramols78 posts ante 15
manggy94 posts small blind 75
cosinussinus posts big blind 150
Dealt to manggy94 [3d Qh]
*** PRE-FLOP *** 
ramols78 folds
manggy94 calls 75
cosinussinus checks
*** FLOP *** [Ad Js Qc]
manggy94 bets 173
cosinussinus folds
manggy94 collected 518 from pot
*** SUMMARY ***
Total pot 518 | No rake
Board: [Ad Js Qc]
Seat 7: manggy94 (small blind) won 518


Winamax Poker - Tournament "Qualif. Ticket 5€" buyIn: 0.90€ + 0.10€ level: 8 - HandId: #688897202201821191-5-1465924974 - Holdem no limit (15/75/150) - 2016/06/14 17:22:54 UTC
Table: 'Qualif. Ticket 5€(160396379)#006' 8-max (real money) Seat #7 is the button
Seat 1: cosinussinus (2575)
Seat 2: ramols78 (3635)
Seat 7: manggy94 (2790)
*** ANTE/BLINDS ***
cosinussinus posts ante 15
ramols78 posts ante 15
manggy94 posts ante 15
cosinussinus posts small blind 75
ramols78 posts big blind 150
Dealt to manggy94 [4c Jc]
*** PRE-FLOP *** 
manggy94 calls 150
cosinussinus folds
ramols78 raises 370 to 520
manggy94 calls 370
*** FLOP *** [2c Ac 3s]
ramols78 bets 475
manggy94 folds
ramols78 collected 1635 from pot
*** SUMMARY ***
Total pot 1635 | No rake
Board: [2c Ac 3s]
Seat 2: ramols78 (big blind) won 1635


Winamax Poker - Tournament "Qualif. Ticket 5€" buyIn: 0.90€ + 0.10€ level: 8 - HandId: #688897202201821191-6-1465925018 - Holdem no limit (15/75/150) - 2016/06/14 17:23:38 UTC
Table: 'Qualif. Ticket 5€(160396379)#006' 8-max (real money) Seat #1 is the button
Seat 1: cosinussinus (2485)
Seat 2: ramols78 (4260)
Seat 6: badbeat80 (2855)
Seat 7: manggy94 (2255)
*** ANTE/BLINDS ***
ramols78 posts ante 15
badbeat80 posts ante 15
cosinussinus posts ante 15
manggy94 posts ante 15
ramols78 posts small blind 75
badbeat80 posts big blind 150
Dealt to manggy94 [Kd 6h]
*** PRE-FLOP *** 
manggy94 calls 150
cosinussinus folds
ramols78 folds
badbeat80 checks
*** FLOP *** [6c 5c 3d]
badbeat80 bets 150
manggy94 raises 735 to 885
badbeat80 folds
manggy94 collected 1470 from pot
*** SUMMARY ***
Total pot 1470 | No rake
Board: [6c 5c 3d]
Seat 7: manggy94 won 1470


Winamax Poker - Tournament "Qualif. Ticket 5€" buyIn: 0.90€ + 0.10€ level: 8 - HandId: #688897202201821191-7-1465925045 - Holdem no limit (15/75/150) - 2016/06/14 17:24:05 UTC
Table: 'Qualif. Ticket 5€(160396379)#006' 8-max (real money) Seat #2 is the button
Seat 1: cosinussinus (2470)
Seat 2: ramols78 (4170)
Seat 6: badbeat80 (2540)
Seat 7: manggy94 (2675)
*** ANTE/BLINDS ***
badbeat80 posts ante 15
manggy94 posts ante 15
cosinussinus posts ante 15
ramols78 posts ante 15
badbeat80 posts small blind 75
manggy94 posts big blind 150
Dealt to manggy94 [Ah 2s]
*** PRE-FLOP *** 
cosinussinus folds
ramols78 folds
badbeat80 calls 75
manggy94 checks
*** FLOP *** [4s 2h Qs]
badbeat80 checks
manggy94 bets 180
badbeat80 folds
manggy94 collected 540 from pot
*** SUMMARY ***
Total pot 540 | No rake
Board: [4s 2h Qs]
Seat 7: manggy94 (big blind) won 540


Winamax Poker - Tournament "Qualif. Ticket 5€" buyIn: 0.90€ + 0.10€ level: 8 - HandId: #688897202201821191-8-1465925068 - Holdem no limit (15/75/150) - 2016/06/14 17:24:28 UTC
Table: 'Qualif. Ticket 5€(160396379)#006' 8-max (real money) Seat #6 is the button
Seat 1: cosinussinus (2455)
Seat 2: ramols78 (4155)
Seat 6: badbeat80 (2375)
Seat 7: manggy94 (2870)
*** ANTE/BLINDS ***
manggy94 posts ante 15
cosinussinus posts ante 15
ramols78 posts ante 15
badbeat80 posts ante 15
manggy94 posts small blind 75
cosinussinus posts big blind 150
Dealt to manggy94 [2d Qd]
*** PRE-FLOP *** 
ramols78 raises 225 to 375
badbeat80 folds
manggy94 folds
cosinussinus folds
ramols78 collected 660 from pot
*** SUMMARY ***
Total pot 660 | No rake
Seat 2: ramols78 won 660


Winamax Poker - Tournament "Qualif. Ticket 5€" buyIn: 0.90€ + 0.10€ level: 8 - HandId: #688897202201821191-9-1465925083 - Holdem no limit (15/75/150) - 2016/06/14 17:24:43 UTC
Table: 'Qualif. Ticket 5€(160396379)#006' 8-max (real money) Seat #7 is the button
Seat 1: cosinussinus (2290)
Seat 2: ramols78 (4425)
Seat 6: badbeat80 (2360)
Seat 7: manggy94 (2780)
*** ANTE/BLINDS ***
cosinussinus posts ante 15
ramols78 posts ante 15
badbeat80 posts ante 15
manggy94 posts ante 15
cosinussinus posts small blind 75
ramols78 posts big blind 150
Dealt to manggy94 [4d 2h]
*** PRE-FLOP *** 
badbeat80 folds
manggy94 folds
cosinussinus folds
ramols78 collected 285 from pot
*** SUMMARY ***
Total pot 285 | No rake
Seat 2: ramols78 (big blind) won 285


Winamax Poker - Tournament "Qualif. Ticket 5€" buyIn: 0.90€ + 0.10€ level: 8 - HandId: #688897202201821191-10-1465925104 - Holdem no limit (15/75/150) - 2016/06/14 17:25:04 UTC
Table: 'Qualif. Ticket 5€(160396379)#006' 8-max (real money) Seat #1 is the button
Seat 1: cosinussinus (2200)
Seat 2: ramols78 (4545)
Seat 6: badbeat80 (2345)
Seat 7: manggy94 (2765)
*** ANTE/BLINDS ***
ramols78 posts ante 15
badbeat80 posts ante 15
cosinussinus posts ante 15
manggy94 posts ante 15
ramols78 posts small blind 75
badbeat80 posts big blind 150
Dealt to manggy94 [2s 6c]
*** PRE-FLOP *** 
manggy94 folds
cosinussinus calls 150
ramols78 calls 75
badbeat80 checks
*** FLOP *** [5d 8s 3s]
ramols78 checks
badbeat80 bets 510
cosinussinus raises 1525 to 2035 and is all-in
ramols78 folds
badbeat80 raises 145 to 2180 and is all-in
*** TURN *** [5d 8s 3s][2c]
*** RIVER *** [5d 8s 3s 2c][Jc]
*** SHOW DOWN ***
cosinussinus shows [Qs 8d] (One pair : 8)
badbeat80 shows [6s 5s] (One pair : 5)
badbeat80 collected 145 from side pot 1
cosinussinus collected 4580 from main pot
*** SUMMARY ***
Total pot 4725 | No rake
Board: [5d 8s 3s 2c Jc]
Seat 1: cosinussinus (button) showed [Qs 8d] and won 4580 with One pair : 8
Seat 6: badbeat80 (big blind) showed [6s 5s] and won 145 with One pair : 5


Winamax Poker - Tournament "Qualif. Ticket 5€" buyIn: 0.90€ + 0.10€ level: 8 - HandId: #688897202201821191-11-1465925174 - Holdem no limit (15/75/150) - 2016/06/14 17:26:14 UTC
Table: 'Qualif. Ticket 5€(160396379)#006' 8-max (real money) Seat #2 is the button
Seat 1: cosinussinus (4580)
Seat 2: ramols78 (4380)
Seat 3: APK-Spound (2615)
Seat 5: Nov9mb9r (2291)
Seat 6: badbeat80 (145)
Seat 7: manggy94 (2750)
Seat 8: buzz341 (2395)
*** ANTE/BLINDS ***
badbeat80 posts ante 15
manggy94 posts ante 15
cosinussinus posts ante 15
ramols78 posts ante 15
buzz341 posts ante 15
badbeat80 posts small blind 75
manggy94 posts big blind 150
Dealt to manggy94 [7h Tc]
*** PRE-FLOP *** 
buzz341 folds
cosinussinus folds
ramols78 raises 225 to 375
badbeat80 calls 55 and is all-in
manggy94 folds
*** FLOP *** [2c Qh Jd]
*** TURN *** [2c Qh Jd][6h]
*** RIVER *** [2c Qh Jd 6h][Ah]
*** SHOW DOWN ***
badbeat80 shows [Ks Js] (One pair : Jacks)
ramols78 shows [Kh Kc] (One pair : Kings)
ramols78 collected 730 from pot
*** SUMMARY ***
Total pot 730 | No rake
Board: [2c Qh Jd 6h Ah]
Seat 2: ramols78 (button) showed [Kh Kc] and won 730 with One pair : Kings
Seat 6: badbeat80 (small blind) showed [Ks Js] and lost with One pair : Jacks


Winamax Poker - Tournament "Qualif. Ticket 5€" buyIn: 0.90€ + 0.10€ level: 8 - HandId: #688897202201821191-12-1465925199 - Holdem no limit (15/75/150) - 2016/06/14 17:26:39 UTC
Table: 'Qualif. Ticket 5€(160396379)#006' 8-max (real money) Seat #6 is the button
Seat 1: cosinussinus (4565)
Seat 2: ramols78 (4720)
Seat 3: APK-Spound (2615)
Seat 5: Nov9mb9r (2291)
Seat 7: manggy94 (2585)
Seat 8: buzz341 (2380)
*** ANTE/BLINDS ***
manggy94 posts ante 15
buzz341 posts ante 15
cosinussinus posts ante 15
ramols78 posts ante 15
APK-Spound posts ante 15
Nov9mb9r posts ante 15
manggy94 posts small blind 75
buzz341 posts big blind 150
Dealt to manggy94 [7h Kd]
*** PRE-FLOP *** 
cosinussinus calls 150
ramols78 calls 150
APK-Spound folds
Nov9mb9r folds
manggy94 calls 75
buzz341 checks
*** FLOP *** [9c 2c Jc]
manggy94 checks
buzz341 checks
cosinussinus checks
ramols78 checks
*** TURN *** [9c 2c Jc][8s]
manggy94 checks
buzz341 checks
cosinussinus bets 345
ramols78 folds
manggy94 folds
buzz341 folds
cosinussinus collected 1035 from pot
*** SUMMARY ***
Total pot 1035 | No rake
Board: [9c 2c Jc 8s]
Seat 1: cosinussinus won 1035


Winamax Poker - Tournament "Qualif. Ticket 5€" buyIn: 0.90€ + 0.10€ level: 8 - HandId: #688897202201821191-13-1465925277 - Holdem no limit (15/75/150) - 2016/06/14 17:27:57 UTC
Table: 'Qualif. Ticket 5€(160396379)#006' 8-max (real money) Seat #7 is the button
Seat 1: cosinussinus (5090)
Seat 2: ramols78 (4555)
Seat 3: APK-Spound (2600)
Seat 4: gros34660 (3000)
Seat 5: Nov9mb9r (2276)
Seat 7: manggy94 (2420)
Seat 8: buzz341 (2215)
*** ANTE/BLINDS ***
buzz341 posts ante 15
cosinussinus posts ante 15
ramols78 posts ante 15
APK-Spound posts ante 15
gros34660 posts ante 15
Nov9mb9r posts ante 15
manggy94 posts ante 15
buzz341 posts small blind 75
cosinussinus posts big blind 150
Dealt to manggy94 [Ad 8c]
*** PRE-FLOP *** 
ramols78 folds
APK-Spound folds
gros34660 folds
Nov9mb9r folds
manggy94 raises 480 to 630
buzz341 folds
cosinussinus folds
manggy94 collected 960 from pot
*** SUMMARY ***
Total pot 960 | No rake
Seat 7: manggy94 (button) won 960


Winamax Poker - Tournament "Qualif. Ticket 5€" buyIn: 0.90€ + 0.10€ level: 9 - HandId: #688897202201821191-14-1465925365 - Holdem no limit (20/100/200) - 2016/06/14 17:29:25 UTC
Table: 'Qualif. Ticket 5€(160396379)#006' 8-max (real money) Seat #8 is the button
Seat 1: cosinussinus (4925)
Seat 2: ramols78 (4540)
Seat 3: APK-Spound (2585)
Seat 4: gros34660 (2985)
Seat 5: Nov9mb9r (2261)
Seat 7: manggy94 (2735)
Seat 8: buzz341 (2125)
*** ANTE/BLINDS ***
cosinussinus posts ante 20
ramols78 posts ante 20
APK-Spound posts ante 20
gros34660 posts ante 20
Nov9mb9r posts ante 20
manggy94 posts ante 20
buzz341 posts ante 20
cosinussinus posts small blind 100
ramols78 posts big blind 200
Dealt to manggy94 [Qs 9c]
*** PRE-FLOP *** 
APK-Spound folds
gros34660 calls 200
Nov9mb9r raises 2041 to 2241 and is all-in
manggy94 folds
buzz341 folds
cosinussinus folds
ramols78 folds
gros34660 folds
Nov9mb9r collected 2881 from pot
*** SUMMARY ***
Total pot 2881 | No rake
Seat 5: Nov9mb9r won 2881


Winamax Poker - Tournament "Qualif. Ticket 5€" buyIn: 0.90€ + 0.10€ level: 9 - HandId: #688897202201821191-15-1465925411 - Holdem no limit (20/100/200) - 2016/06/14 17:30:11 UTC
Table: 'Qualif. Ticket 5€(160396379)#006' 8-max (real money) Seat #1 is the button
Seat 1: cosinussinus (4805)
Seat 2: ramols78 (4320)
Seat 3: APK-Spound (2565)
Seat 4: gros34660 (2765)
Seat 5: Nov9mb9r (2881)
Seat 7: manggy94 (2715)
Seat 8: buzz341 (2105)
*** ANTE/BLINDS ***
ramols78 posts ante 20
APK-Spound posts ante 20
cosinussinus posts ante 20
gros34660 posts ante 20
Nov9mb9r posts ante 20
manggy94 posts ante 20
buzz341 posts ante 20
ramols78 posts small blind 100
APK-Spound posts big blind 200
Dealt to manggy94 [3c 3d]
*** PRE-FLOP *** 
gros34660 calls 200
Nov9mb9r folds
manggy94 raises 400 to 600
buzz341 raises 1485 to 2085 and is all-in
cosinussinus folds
ramols78 folds
APK-Spound folds
gros34660 calls 1885
manggy94 calls 1485
*** FLOP *** [8d 7h 4c]
gros34660 checks
manggy94 checks
*** TURN *** [8d 7h 4c][7s]
gros34660 checks
manggy94 checks
*** RIVER *** [8d 7h 4c 7s][5c]
gros34660 checks
manggy94 checks
*** SHOW DOWN ***
gros34660 shows [Jd Ad] (One pair : 7)
buzz341 shows [As Kc] (One pair : 7)
manggy94 shows [3c 3d] (Two pairs : 7 and 3)
manggy94 collected 6695 from pot
*** SUMMARY ***
Total pot 6695 | No rake
Board: [8d 7h 4c 7s 5c]
Seat 4: gros34660 showed [Jd Ad] and lost with One pair : 7
Seat 7: manggy94 showed [3c 3d] and won 6695 with Two pairs : 7 and 3
Seat 8: buzz341 showed [As Kc] and lost with One pair : 7


Winamax Poker - Tournament "Qualif. Ticket 5€" buyIn: 0.90€ + 0.10€ level: 9 - HandId: #688897202201821185-41-1465925579 - Holdem no limit (20/100/200) - 2016/06/14 17:32:59 UTC
Table: 'Qualif. Ticket 5€(160396379)#000' 8-max (real money) Seat #6 is the button
Seat 1: manggy94 (7305)
Seat 2: mayun (4885)
Seat 3: rimkoux (2175)
Seat 4: Mtt22 (2545)
Seat 5: TheRealDude (3940)
Seat 6: puckmaya (6165)
Seat 7: PauvreDeToi (3695)
Seat 8: CallDad (3805)
*** ANTE/BLINDS ***
PauvreDeToi posts ante 20
CallDad posts ante 20
manggy94 posts ante 20
mayun posts ante 20
rimkoux posts ante 20
Mtt22 posts ante 20
TheRealDude posts ante 20
puckmaya posts ante 20
PauvreDeToi posts small blind 100
CallDad posts big blind 200
Dealt to manggy94 [Td 3h]
*** PRE-FLOP *** 
manggy94 folds
mayun folds
rimkoux folds
Mtt22 folds
TheRealDude folds
puckmaya folds
PauvreDeToi raises 3475 to 3675 and is all-in
CallDad folds
PauvreDeToi collected 4035 from pot
*** SUMMARY ***
Total pot 4035 | No rake
Seat 7: PauvreDeToi (small blind) won 4035


Winamax Poker - Tournament "Qualif. Ticket 5€" buyIn: 0.90€ + 0.10€ level: 9 - HandId: #688897202201821185-42-1465925630 - Holdem no limit (20/100/200) - 2016/06/14 17:33:50 UTC
Table: 'Qualif. Ticket 5€(160396379)#000' 8-max (real money) Seat #7 is the button
Seat 1: manggy94 (7285)
Seat 2: mayun (4865)
Seat 3: rimkoux (2155)
Seat 4: Mtt22 (2525)
Seat 5: TheRealDude (3920)
Seat 6: puckmaya (6145)
Seat 7: PauvreDeToi (4035)
Seat 8: CallDad (3585)
*** ANTE/BLINDS ***
CallDad posts ante 20
manggy94 posts ante 20
mayun posts ante 20
rimkoux posts ante 20
Mtt22 posts ante 20
TheRealDude posts ante 20
puckmaya posts ante 20
PauvreDeToi posts ante 20
CallDad posts small blind 100
manggy94 posts big blind 200
Dealt to manggy94 [Jh Qc]
*** PRE-FLOP *** 
mayun calls 200
rimkoux folds
Mtt22 folds
TheRealDude folds
puckmaya folds
PauvreDeToi calls 200
CallDad raises 400 to 600
manggy94 calls 400
mayun calls 400
PauvreDeToi calls 400
*** FLOP *** [Tc 8c Kh]
CallDad bets 2965 and is all-in
manggy94 calls 2965
mayun folds
PauvreDeToi folds
*** TURN *** [Tc 8c Kh][Ah]
*** RIVER *** [Tc 8c Kh Ah][4s]
*** SHOW DOWN ***
CallDad shows [9c 7c] (High card : Ace)
manggy94 shows [Jh Qc] (Straight Ace high)
manggy94 collected 8490 from pot
*** SUMMARY ***
Total pot 8490 | No rake
Board: [Tc 8c Kh Ah 4s]
Seat 1: manggy94 (big blind) showed [Jh Qc] and won 8490 with Straight Ace high
Seat 8: CallDad (small blind) showed [9c 7c] and lost with High card : Ace


Winamax Poker - Tournament "Qualif. Ticket 5€" buyIn: 0.90€ + 0.10€ level: 10 - HandId: #688897202201821185-43-1465925725 - Holdem no limit (25/125/250) - 2016/06/14 17:35:25 UTC
Table: 'Qualif. Ticket 5€(160396379)#000' 8-max (real money) Seat #8 is the button
Seat 1: manggy94 (12190)
Seat 2: mayun (4245)
Seat 3: rimkoux (2135)
Seat 4: Mtt22 (2505)
Seat 5: TheRealDude (3900)
Seat 6: puckmaya (6125)
Seat 7: PauvreDeToi (3415)
*** ANTE/BLINDS ***
manggy94 posts ante 25
mayun posts ante 25
rimkoux posts ante 25
Mtt22 posts ante 25
TheRealDude posts ante 25
puckmaya posts ante 25
PauvreDeToi posts ante 25
manggy94 posts small blind 125
mayun posts big blind 250
Dealt to manggy94 [Kh 7s]
*** PRE-FLOP *** 
rimkoux calls 250
Mtt22 folds
TheRealDude calls 250
puckmaya folds
PauvreDeToi folds
manggy94 calls 125
mayun checks
*** FLOP *** [8s 4d 7d]
manggy94 bets 250
mayun calls 250
rimkoux folds
TheRealDude folds
*** TURN *** [8s 4d 7d][As]
manggy94 checks
mayun bets 250
manggy94 calls 250
*** RIVER *** [8s 4d 7d As][Kd]
manggy94 bets 3500
mayun folds
manggy94 collected 5675 from pot
*** SUMMARY ***
Total pot 5675 | No rake
Board: [8s 4d 7d As Kd]
Seat 1: manggy94 (small blind) won 5675


Winamax Poker - Tournament "Qualif. Ticket 5€" buyIn: 0.90€ + 0.10€ level: 10 - HandId: #688897202201821185-44-1465925818 - Holdem no limit (25/125/250) - 2016/06/14 17:36:58 UTC
Table: 'Qualif. Ticket 5€(160396379)#000' 8-max (real money) Seat #1 is the button
Seat 1: manggy94 (13590)
Seat 2: mayun (3470)
Seat 3: rimkoux (1860)
Seat 4: Mtt22 (2480)
Seat 5: TheRealDude (3625)
Seat 6: puckmaya (6100)
Seat 7: PauvreDeToi (3390)
*** ANTE/BLINDS ***
mayun posts ante 25
rimkoux posts ante 25
manggy94 posts ante 25
Mtt22 posts ante 25
TheRealDude posts ante 25
puckmaya posts ante 25
PauvreDeToi posts ante 25
mayun posts small blind 125
rimkoux posts big blind 250
Dealt to manggy94 [Qh Th]
*** PRE-FLOP *** 
Mtt22 folds
TheRealDude folds
puckmaya raises 375 to 625
PauvreDeToi folds
manggy94 calls 625
mayun folds
rimkoux folds
*** FLOP *** [2d Qc 8d]
puckmaya bets 900
manggy94 raises 3600 to 4500
puckmaya folds
manggy94 collected 7200 from pot
*** SUMMARY ***
Total pot 7200 | No rake
Board: [2d Qc 8d]
Seat 1: manggy94 (button) won 7200


Winamax Poker - Tournament "Qualif. Ticket 5€" buyIn: 0.90€ + 0.10€ level: 10 - HandId: #688897202201821185-45-1465925919 - Holdem no limit (25/125/250) - 2016/06/14 17:38:39 UTC
Table: 'Qualif. Ticket 5€(160396379)#000' 8-max (real money) Seat #2 is the button
Seat 1: manggy94 (15640)
Seat 2: mayun (3320)
Seat 3: rimkoux (1585)
Seat 4: Mtt22 (2455)
Seat 5: TheRealDude (3600)
Seat 6: puckmaya (4550)
Seat 7: PauvreDeToi (3365)
*** ANTE/BLINDS ***
rimkoux posts ante 25
Mtt22 posts ante 25
manggy94 posts ante 25
mayun posts ante 25
TheRealDude posts ante 25
puckmaya posts ante 25
PauvreDeToi posts ante 25
rimkoux posts small blind 125
Mtt22 posts big blind 250
Dealt to manggy94 [Td 6h]
*** PRE-FLOP *** 
TheRealDude calls 250
puckmaya folds
PauvreDeToi folds
manggy94 folds
mayun calls 250
rimkoux calls 125
Mtt22 checks
*** FLOP *** [Kh Qh 9c]
rimkoux bets 1310 and is all-in
Mtt22 raises 870 to 2180 and is all-in
TheRealDude raises 1145 to 3325 and is all-in
mayun folds
*** TURN *** [Kh Qh 9c][3h]
*** RIVER *** [Kh Qh 9c 3h][2s]
*** SHOW DOWN ***
rimkoux shows [3d Qc] (Two pairs : Queens and 3)
Mtt22 shows [Jh 3c] (One pair : 3)
TheRealDude shows [9s Ks] (Two pairs : Kings and 9)
TheRealDude collected 7990 from pot
*** SUMMARY ***
Total pot 7990 | No rake
Board: [Kh Qh 9c 3h 2s]
Seat 3: rimkoux (small blind) showed [3d Qc] and lost with Two pairs : Queens and 3
Seat 4: Mtt22 (big blind) showed [Jh 3c] and lost with One pair : 3
Seat 5: TheRealDude showed [9s Ks] and won 7990 with Two pairs : Kings and 9


Winamax Poker - Tournament "Qualif. Ticket 5€" buyIn: 0.90€ + 0.10€ level: 10 - HandId: #688897202201821185-46-1465925974 - Holdem no limit (25/125/250) - 2016/06/14 17:39:34 UTC
Table: 'Qualif. Ticket 5€(160396379)#000' 8-max (real money) Seat #3 is the button
Seat 1: manggy94 (15615)
Seat 2: mayun (3045)
Seat 5: TheRealDude (7990)
Seat 6: puckmaya (4525)
Seat 7: PauvreDeToi (3340)
*** ANTE/BLINDS ***
TheRealDude posts ante 25
manggy94 posts ante 25
mayun posts ante 25
puckmaya posts ante 25
PauvreDeToi posts ante 25
TheRealDude posts big blind 250
Dealt to manggy94 [Ks Qc]
*** PRE-FLOP *** 
puckmaya folds
PauvreDeToi folds
manggy94 raises 250 to 500
mayun folds
TheRealDude folds
manggy94 collected 875 from pot
*** SUMMARY ***
Total pot 875 | No rake
Seat 1: manggy94 won 875


Winamax Poker - Tournament "Qualif. Ticket 5€" buyIn: 0.90€ + 0.10€ level: 11 - HandId: #688897202201821185-47-1465926013 - Holdem no limit (35/150/300) - 2016/06/14 17:40:13 UTC
Table: 'Qualif. Ticket 5€(160396379)#000' 8-max (real money) Seat #4 is the button
Seat 1: manggy94 (15965)
Seat 2: mayun (3020)
Seat 3: ludoleblanc (4127)
Seat 4: RIHM94 (4765)
Seat 5: TheRealDude (7715)
Seat 6: puckmaya (4500)
Seat 7: PauvreDeToi (3315)
Seat 8: NRJ NOIRE (5054)
*** ANTE/BLINDS ***
TheRealDude posts ante 35
puckmaya posts ante 35
manggy94 posts ante 35
mayun posts ante 35
ludoleblanc posts ante 35
PauvreDeToi posts ante 35
NRJ NOIRE posts ante 35
TheRealDude posts small blind 150
puckmaya posts big blind 300
Dealt to manggy94 [6d Kh]
*** PRE-FLOP *** 
PauvreDeToi folds
NRJ NOIRE folds
manggy94 folds
mayun folds
ludoleblanc calls 300
TheRealDude calls 150
puckmaya raises 4165 to 4465 and is all-in
ludoleblanc folds
TheRealDude folds
puckmaya collected 5310 from pot
*** SUMMARY ***
Total pot 5310 | No rake
Seat 6: puckmaya (big blind) won 5310


Winamax Poker - Tournament "Qualif. Ticket 5€" buyIn: 0.90€ + 0.10€ level: 11 - HandId: #688897202201821185-48-1465926112 - Holdem no limit (35/150/300) - 2016/06/14 17:41:52 UTC
Table: 'Qualif. Ticket 5€(160396379)#000' 8-max (real money) Seat #5 is the button
Seat 1: manggy94 (15930)
Seat 2: mayun (2985)
Seat 3: ludoleblanc (3792)
Seat 4: RIHM94 (4765)
Seat 5: TheRealDude (7380)
Seat 6: puckmaya (5310)
Seat 7: PauvreDeToi (3280)
Seat 8: NRJ NOIRE (5019)
*** ANTE/BLINDS ***
puckmaya posts ante 35
PauvreDeToi posts ante 35
manggy94 posts ante 35
mayun posts ante 35
ludoleblanc posts ante 35
RIHM94 posts ante 35
TheRealDude posts ante 35
NRJ NOIRE posts ante 35
puckmaya posts small blind 150
PauvreDeToi posts big blind 300
Dealt to manggy94 [Kh Ad]
*** PRE-FLOP *** 
NRJ NOIRE folds
manggy94 raises 3600 to 3900
mayun folds
ludoleblanc folds
RIHM94 folds
TheRealDude folds
puckmaya folds
PauvreDeToi folds
manggy94 collected 4630 from pot
*** SUMMARY ***
Total pot 4630 | No rake
Seat 1: manggy94 won 4630


Winamax Poker - Tournament "Qualif. Ticket 5€" buyIn: 0.90€ + 0.10€ level: 11 - HandId: #688897202201821185-49-1465926143 - Holdem no limit (35/150/300) - 2016/06/14 17:42:23 UTC
Table: 'Qualif. Ticket 5€(160396379)#000' 8-max (real money) Seat #6 is the button
Seat 1: manggy94 (16625)
Seat 2: mayun (2950)
Seat 3: ludoleblanc (3757)
Seat 4: RIHM94 (4730)
Seat 5: TheRealDude (7345)
Seat 6: puckmaya (5125)
Seat 7: PauvreDeToi (2945)
Seat 8: NRJ NOIRE (4984)
*** ANTE/BLINDS ***
PauvreDeToi posts ante 35
NRJ NOIRE posts ante 35
manggy94 posts ante 35
mayun posts ante 35
ludoleblanc posts ante 35
RIHM94 posts ante 35
TheRealDude posts ante 35
puckmaya posts ante 35
PauvreDeToi posts small blind 150
NRJ NOIRE posts big blind 300
Dealt to manggy94 [7s Kd]
*** PRE-FLOP *** 
manggy94 folds
mayun folds
ludoleblanc calls 300
RIHM94 folds
TheRealDude calls 300
puckmaya folds
PauvreDeToi folds
NRJ NOIRE checks
*** FLOP *** [2h 9c 3h]
NRJ NOIRE checks
ludoleblanc checks
TheRealDude checks
*** TURN *** [2h 9c 3h][9d]
NRJ NOIRE checks
ludoleblanc checks
TheRealDude checks
*** RIVER *** [2h 9c 3h 9d][9s]
NRJ NOIRE checks
ludoleblanc checks
TheRealDude checks
*** SHOW DOWN ***
ludoleblanc shows [Js Qs] (Trips of 9)
NRJ NOIRE shows [8h Jc] (Trips of 9)
TheRealDude shows [4s Ks] (Trips of 9)
TheRealDude collected 1330 from pot
*** SUMMARY ***
Total pot 1330 | No rake
Board: [2h 9c 3h 9d 9s]
Seat 3: ludoleblanc showed [Js Qs] and lost with Trips of 9
Seat 5: TheRealDude showed [4s Ks] and won 1330 with Trips of 9
Seat 8: NRJ NOIRE (big blind) showed [8h Jc] and lost with Trips of 9


Winamax Poker - Tournament "Qualif. Ticket 5€" buyIn: 0.90€ + 0.10€ level: 11 - HandId: #688897202201821185-50-1465926264 - Holdem no limit (35/150/300) - 2016/06/14 17:44:24 UTC
Table: 'Qualif. Ticket 5€(160396379)#000' 8-max (real money) Seat #7 is the button
Seat 1: manggy94 (16590)
Seat 2: mayun (2915)
Seat 3: ludoleblanc (3422)
Seat 4: RIHM94 (4695)
Seat 5: TheRealDude (8340)
Seat 6: puckmaya (5090)
Seat 7: PauvreDeToi (2760)
Seat 8: NRJ NOIRE (4649)
*** ANTE/BLINDS ***
NRJ NOIRE posts ante 35
manggy94 posts ante 35
mayun posts ante 35
ludoleblanc posts ante 35
RIHM94 posts ante 35
TheRealDude posts ante 35
puckmaya posts ante 35
PauvreDeToi posts ante 35
NRJ NOIRE posts small blind 150
manggy94 posts big blind 300
Dealt to manggy94 [6h 3h]
*** PRE-FLOP *** 
mayun calls 300
ludoleblanc folds
RIHM94 folds
TheRealDude folds
puckmaya folds
PauvreDeToi folds
NRJ NOIRE calls 150
manggy94 checks
*** FLOP *** [Kh 4c Ah]
NRJ NOIRE checks
manggy94 bets 300
mayun raises 300 to 600
NRJ NOIRE folds
manggy94 calls 300
*** TURN *** [Kh 4c Ah][4s]
manggy94 checks
mayun bets 600
manggy94 calls 600
*** RIVER *** [Kh 4c Ah 4s][6s]
manggy94 checks
mayun checks
*** SHOW DOWN ***
manggy94 shows [6h 3h] (Two pairs : 6 and 4)
mayun shows [As Ts] (Two pairs : Aces and 4)
mayun collected 3580 from pot
*** SUMMARY ***
Total pot 3580 | No rake
Board: [Kh 4c Ah 4s 6s]
Seat 1: manggy94 (big blind) showed [6h 3h] and lost with Two pairs : 6 and 4
Seat 2: mayun showed [As Ts] and won 3580 with Two pairs : Aces and 4


Winamax Poker - Tournament "Qualif. Ticket 5€" buyIn: 0.90€ + 0.10€ level: 12 - HandId: #688897202201821185-51-1465926426 - Holdem no limit (40/200/400) - 2016/06/14 17:47:06 UTC
Table: 'Qualif. Ticket 5€(160396379)#000' 8-max (real money) Seat #8 is the button
Seat 1: manggy94 (15055)
Seat 2: mayun (4960)
Seat 3: ludoleblanc (3387)
Seat 4: RIHM94 (4660)
Seat 5: TheRealDude (8305)
Seat 6: puckmaya (5055)
Seat 7: PauvreDeToi (2725)
Seat 8: NRJ NOIRE (4314)
*** ANTE/BLINDS ***
manggy94 posts ante 40
mayun posts ante 40
ludoleblanc posts ante 40
RIHM94 posts ante 40
TheRealDude posts ante 40
puckmaya posts ante 40
PauvreDeToi posts ante 40
NRJ NOIRE posts ante 40
manggy94 posts small blind 200
mayun posts big blind 400
Dealt to manggy94 [Th Ad]
*** PRE-FLOP *** 
ludoleblanc folds
RIHM94 raises 600 to 1000
TheRealDude folds
puckmaya folds
PauvreDeToi folds
NRJ NOIRE folds
manggy94 raises 600 to 1600
mayun folds
RIHM94 raises 3020 to 4620 and is all-in
manggy94 calls 3020
*** FLOP *** [4h 3d Qs]
*** TURN *** [4h 3d Qs][3s]
*** RIVER *** [4h 3d Qs 3s][Jh]
*** SHOW DOWN ***
manggy94 shows [Th Ad] (One pair : 3)
RIHM94 shows [Ac Tc] (One pair : 3)
RIHM94 collected 4980 from pot
manggy94 collected 4980 from pot
*** SUMMARY ***
Total pot 9960 | No rake
Board: [4h 3d Qs 3s Jh]
Seat 1: manggy94 (small blind) showed [Th Ad] and won 4980 with One pair : 3
Seat 4: RIHM94 showed [Ac Tc] and won 4980 with One pair : 3


Winamax Poker - Tournament "Qualif. Ticket 5€" buyIn: 0.90€ + 0.10€ level: 12 - HandId: #688897202201821185-52-1465926503 - Holdem no limit (40/200/400) - 2016/06/14 17:48:23 UTC
Table: 'Qualif. Ticket 5€(160396379)#000' 8-max (real money) Seat #1 is the button
Seat 1: manggy94 (15375)
Seat 2: mayun (4520)
Seat 3: ludoleblanc (3347)
Seat 4: RIHM94 (4980)
Seat 5: TheRealDude (8265)
Seat 6: puckmaya (5015)
Seat 7: PauvreDeToi (2685)
Seat 8: NRJ NOIRE (4274)
*** ANTE/BLINDS ***
mayun posts ante 40
ludoleblanc posts ante 40
manggy94 posts ante 40
RIHM94 posts ante 40
TheRealDude posts ante 40
puckmaya posts ante 40
PauvreDeToi posts ante 40
NRJ NOIRE posts ante 40
mayun posts small blind 200
ludoleblanc posts big blind 400
Dealt to manggy94 [6s Ts]
*** PRE-FLOP *** 
RIHM94 folds
TheRealDude folds
puckmaya folds
PauvreDeToi folds
NRJ NOIRE calls 400
manggy94 calls 400
mayun folds
ludoleblanc checks
*** FLOP *** [9s 9d 9h]
ludoleblanc checks
NRJ NOIRE checks
manggy94 bets 860
ludoleblanc folds
NRJ NOIRE calls 860
*** TURN *** [9s 9d 9h][9c]
NRJ NOIRE checks
manggy94 bets 1720
NRJ NOIRE calls 1720
*** RIVER *** [9s 9d 9h 9c][Td]
NRJ NOIRE checks
manggy94 checks
*** SHOW DOWN ***
manggy94 shows [6s Ts] (Quads of 9)
NRJ NOIRE shows [As 2h] (Quads of 9)
NRJ NOIRE collected 6880 from pot
*** SUMMARY ***
Total pot 6880 | No rake
Board: [9s 9d 9h 9c Td]
Seat 1: manggy94 (button) showed [6s Ts] and lost with Quads of 9
Seat 8: NRJ NOIRE showed [As 2h] and won 6880 with Quads of 9


Winamax Poker - Tournament "Qualif. Ticket 5€" buyIn: 0.90€ + 0.10€ level: 12 - HandId: #688897202201821185-53-1465926600 - Holdem no limit (40/200/400) - 2016/06/14 17:50:00 UTC
Table: 'Qualif. Ticket 5€(160396379)#000' 8-max (real money) Seat #2 is the button
Seat 1: manggy94 (12355)
Seat 2: mayun (4280)
Seat 3: ludoleblanc (2907)
Seat 4: RIHM94 (4940)
Seat 6: puckmaya (4975)
Seat 7: PauvreDeToi (2645)
Seat 8: NRJ NOIRE (8134)
*** ANTE/BLINDS ***
ludoleblanc posts ante 40
RIHM94 posts ante 40
manggy94 posts ante 40
mayun posts ante 40
puckmaya posts ante 40
PauvreDeToi posts ante 40
NRJ NOIRE posts ante 40
ludoleblanc posts small blind 200
RIHM94 posts big blind 400
Dealt to manggy94 [3c 4c]
*** PRE-FLOP *** 
puckmaya folds
PauvreDeToi folds
NRJ NOIRE folds
manggy94 folds
mayun folds
ludoleblanc calls 200
RIHM94 checks
*** FLOP *** [Kc 3d 7d]
ludoleblanc checks
RIHM94 bets 540
ludoleblanc folds
RIHM94 collected 1620 from pot
*** SUMMARY ***
Total pot 1620 | No rake
Board: [Kc 3d 7d]
Seat 4: RIHM94 (big blind) won 1620


Winamax Poker - Tournament "Qualif. Ticket 5€" buyIn: 0.90€ + 0.10€ level: 12 - HandId: #688897202201821185-54-1465926655 - Holdem no limit (40/200/400) - 2016/06/14 17:50:55 UTC
Table: 'Qualif. Ticket 5€(160396379)#000' 8-max (real money) Seat #3 is the button
Seat 1: manggy94 (12315)
Seat 2: mayun (4240)
Seat 3: ludoleblanc (2467)
Seat 4: RIHM94 (5580)
Seat 6: puckmaya (4935)
Seat 7: PauvreDeToi (2605)
Seat 8: NRJ NOIRE (8094)
*** ANTE/BLINDS ***
RIHM94 posts ante 40
puckmaya posts ante 40
manggy94 posts ante 40
mayun posts ante 40
ludoleblanc posts ante 40
PauvreDeToi posts ante 40
NRJ NOIRE posts ante 40
RIHM94 posts small blind 200
puckmaya posts big blind 400
Dealt to manggy94 [Js Qd]
*** PRE-FLOP *** 
PauvreDeToi folds
NRJ NOIRE folds
manggy94 calls 400
mayun calls 400
ludoleblanc folds
RIHM94 calls 200
puckmaya checks
*** FLOP *** [5d 5s Ks]
RIHM94 checks
puckmaya checks
manggy94 checks
mayun bets 400
RIHM94 folds
puckmaya folds
manggy94 folds
mayun collected 2280 from pot
*** SUMMARY ***
Total pot 2280 | No rake
Board: [5d 5s Ks]
Seat 2: mayun won 2280


Winamax Poker - Tournament "Qualif. Ticket 5€" buyIn: 0.90€ + 0.10€ level: 12 - HandId: #688897202201821185-55-1465926709 - Holdem no limit (40/200/400) - 2016/06/14 17:51:49 UTC
Table: 'Qualif. Ticket 5€(160396379)#000' 8-max (real money) Seat #4 is the button
Seat 1: manggy94 (11875)
Seat 2: mayun (5680)
Seat 3: ludoleblanc (2427)
Seat 4: RIHM94 (5140)
Seat 6: puckmaya (4495)
Seat 7: PauvreDeToi (2565)
Seat 8: NRJ NOIRE (8054)
*** ANTE/BLINDS ***
puckmaya posts ante 40
PauvreDeToi posts ante 40
manggy94 posts ante 40
mayun posts ante 40
ludoleblanc posts ante 40
RIHM94 posts ante 40
NRJ NOIRE posts ante 40
puckmaya posts small blind 200
PauvreDeToi posts big blind 400
Dealt to manggy94 [Jh 6s]
*** PRE-FLOP *** 
NRJ NOIRE calls 400
manggy94 folds
mayun folds
ludoleblanc folds
RIHM94 folds
puckmaya folds
PauvreDeToi raises 2125 to 2525 and is all-in
NRJ NOIRE calls 2125
*** FLOP *** [9c 8h Js]
*** TURN *** [9c 8h Js][8d]
*** RIVER *** [9c 8h Js 8d][5h]
*** SHOW DOWN ***
PauvreDeToi shows [Ad 6d] (One pair : 8)
NRJ NOIRE shows [2s 2h] (Two pairs : 8 and 2)
NRJ NOIRE collected 5530 from pot
*** SUMMARY ***
Total pot 5530 | No rake
Board: [9c 8h Js 8d 5h]
Seat 7: PauvreDeToi (big blind) showed [Ad 6d] and lost with One pair : 8
Seat 8: NRJ NOIRE showed [2s 2h] and won 5530 with Two pairs : 8 and 2


Winamax Poker - Tournament "Qualif. Ticket 5€" buyIn: 0.90€ + 0.10€ level: 13 - HandId: #688897202201821185-56-1465926829 - Holdem no limit (50/250/500) - 2016/06/14 17:53:49 UTC
Table: 'Qualif. Ticket 5€(160396379)#000' 8-max (real money) Seat #6 is the button
Seat 1: manggy94 (11835)
Seat 2: mayun (5640)
Seat 3: ludoleblanc (2387)
Seat 4: RIHM94 (5100)
Seat 6: puckmaya (4255)
Seat 8: NRJ NOIRE (11019)
*** ANTE/BLINDS ***
NRJ NOIRE posts ante 50
manggy94 posts ante 50
mayun posts ante 50
ludoleblanc posts ante 50
RIHM94 posts ante 50
puckmaya posts ante 50
NRJ NOIRE posts big blind 500
Dealt to manggy94 [3c Th]
*** PRE-FLOP *** 
manggy94 folds
mayun folds
ludoleblanc folds
RIHM94 folds
puckmaya folds
NRJ NOIRE collected 800 from pot
*** SUMMARY ***
Total pot 800 | No rake
Seat 8: NRJ NOIRE (big blind) won 800


Winamax Poker - Tournament "Qualif. Ticket 5€" buyIn: 0.90€ + 0.10€ level: 13 - HandId: #688897202201821185-57-1465926856 - Holdem no limit (50/250/500) - 2016/06/14 17:54:16 UTC
Table: 'Qualif. Ticket 5€(160396379)#000' 8-max (real money) Seat #7 is the button
Seat 1: manggy94 (11785)
Seat 2: mayun (5590)
Seat 3: ludoleblanc (2337)
Seat 4: RIHM94 (5050)
Seat 6: puckmaya (4205)
Seat 8: NRJ NOIRE (11269)
*** ANTE/BLINDS ***
NRJ NOIRE posts ante 50
manggy94 posts ante 50
mayun posts ante 50
ludoleblanc posts ante 50
RIHM94 posts ante 50
puckmaya posts ante 50
NRJ NOIRE posts small blind 250
manggy94 posts big blind 500
Dealt to manggy94 [6d Ac]
*** PRE-FLOP *** 
mayun folds
ludoleblanc folds
RIHM94 folds
puckmaya folds
NRJ NOIRE folds
manggy94 collected 1050 from pot
*** SUMMARY ***
Total pot 1050 | No rake
Seat 1: manggy94 (big blind) won 1050


Winamax Poker - Tournament "Qualif. Ticket 5€" buyIn: 0.90€ + 0.10€ level: 13 - HandId: #688897202201821185-58-1465926872 - Holdem no limit (50/250/500) - 2016/06/14 17:54:32 UTC
Table: 'Qualif. Ticket 5€(160396379)#000' 8-max (real money) Seat #8 is the button
Seat 1: manggy94 (12285)
Seat 2: mayun (5540)
Seat 3: ludoleblanc (2287)
Seat 4: RIHM94 (5000)
Seat 6: puckmaya (4155)
Seat 8: NRJ NOIRE (10969)
*** ANTE/BLINDS ***
manggy94 posts ante 50
mayun posts ante 50
ludoleblanc posts ante 50
RIHM94 posts ante 50
puckmaya posts ante 50
NRJ NOIRE posts ante 50
manggy94 posts small blind 250
mayun posts big blind 500
Dealt to manggy94 [Kc 2h]
*** PRE-FLOP *** 
ludoleblanc folds
RIHM94 folds
puckmaya folds
NRJ NOIRE calls 500
manggy94 calls 250
mayun checks
*** FLOP *** [4h 3c 8c]
manggy94 checks
mayun bets 500
NRJ NOIRE calls 500
manggy94 folds
*** TURN *** [4h 3c 8c][3h]
mayun checks
NRJ NOIRE bets 500
mayun calls 500
*** RIVER *** [4h 3c 8c 3h][Kd]
mayun checks
NRJ NOIRE checks
*** SHOW DOWN ***
mayun shows [Qd 6c] (One pair : 3)
NRJ NOIRE shows [As 9d] (One pair : 3)
NRJ NOIRE collected 3800 from pot
*** SUMMARY ***
Total pot 3800 | No rake
Board: [4h 3c 8c 3h Kd]
Seat 2: mayun (big blind) showed [Qd 6c] and lost with One pair : 3
Seat 8: NRJ NOIRE (button) showed [As 9d] and won 3800 with One pair : 3


Winamax Poker - Tournament "Qualif. Ticket 5€" buyIn: 0.90€ + 0.10€ level: 13 - HandId: #688897202201821185-59-1465927202 - Holdem no limit (50/250/500) - 2016/06/14 18:00:02 UTC
Table: 'Qualif. Ticket 5€(160396379)#000' 8-max (real money) Seat #1 is the button
Seat 1: manggy94 (11735)
Seat 2: mayun (3990)
Seat 3: ludoleblanc (2237)
Seat 4: RIHM94 (4950)
Seat 6: puckmaya (4105)
Seat 8: NRJ NOIRE (13219)
*** ANTE/BLINDS ***
mayun posts ante 50
ludoleblanc posts ante 50
manggy94 posts ante 50
RIHM94 posts ante 50
puckmaya posts ante 50
NRJ NOIRE posts ante 50
mayun posts small blind 250
ludoleblanc posts big blind 500
Dealt to manggy94 [6c 4c]
*** PRE-FLOP *** 
RIHM94 folds
puckmaya folds
NRJ NOIRE folds
manggy94 folds
mayun calls 250
ludoleblanc checks
*** FLOP *** [7d Jd Tc]
mayun checks
ludoleblanc checks
*** TURN *** [7d Jd Tc][Th]
mayun checks
ludoleblanc checks
*** RIVER *** [7d Jd Tc Th][Ac]
mayun bets 2750
ludoleblanc folds
mayun collected 4050 from pot
*** SUMMARY ***
Total pot 4050 | No rake
Board: [7d Jd Tc Th Ac]
Seat 2: mayun (small blind) won 4050


Winamax Poker - Tournament "Qualif. Ticket 5€" buyIn: 0.90€ + 0.10€ level: 13 - HandId: #688897202201821185-60-1465927319 - Holdem no limit (50/250/500) - 2016/06/14 18:01:59 UTC
Table: 'Qualif. Ticket 5€(160396379)#000' 8-max (real money) Seat #2 is the button
Seat 1: manggy94 (11685)
Seat 2: mayun (4740)
Seat 3: ludoleblanc (1687)
Seat 4: RIHM94 (4900)
Seat 6: puckmaya (4055)
Seat 8: NRJ NOIRE (13169)
*** ANTE/BLINDS ***
ludoleblanc posts ante 50
RIHM94 posts ante 50
manggy94 posts ante 50
mayun posts ante 50
puckmaya posts ante 50
NRJ NOIRE posts ante 50
ludoleblanc posts small blind 250
RIHM94 posts big blind 500
Dealt to manggy94 [6c Js]
*** PRE-FLOP *** 
puckmaya folds
NRJ NOIRE calls 500
manggy94 folds
mayun folds
ludoleblanc folds
RIHM94 checks
*** FLOP *** [Ts 9c Qh]
RIHM94 checks
NRJ NOIRE checks
*** TURN *** [Ts 9c Qh][2s]
RIHM94 checks
NRJ NOIRE checks
*** RIVER *** [Ts 9c Qh 2s][Jh]
RIHM94 checks
NRJ NOIRE checks
*** SHOW DOWN ***
NRJ NOIRE shows [5c Ac] (High card : Ace)
RIHM94 shows [8d 6h] (Straight Queen high)
RIHM94 collected 1550 from pot
*** SUMMARY ***
Total pot 1550 | No rake
Board: [Ts 9c Qh 2s Jh]
Seat 4: RIHM94 (big blind) showed [8d 6h] and won 1550 with Straight Queen high
Seat 8: NRJ NOIRE showed [5c Ac] and lost with High card : Ace


Winamax Poker - Tournament "Qualif. Ticket 5€" buyIn: 0.90€ + 0.10€ level: 13 - HandId: #688897202201821185-61-1465927357 - Holdem no limit (50/250/500) - 2016/06/14 18:02:37 UTC
Table: 'Qualif. Ticket 5€(160396379)#000' 8-max (real money) Seat #3 is the button
Seat 1: manggy94 (11635)
Seat 2: mayun (4690)
Seat 3: ludoleblanc (1387)
Seat 4: RIHM94 (5900)
Seat 6: puckmaya (4005)
Seat 8: NRJ NOIRE (12619)
*** ANTE/BLINDS ***
RIHM94 posts ante 50
puckmaya posts ante 50
manggy94 posts ante 50
mayun posts ante 50
ludoleblanc posts ante 50
NRJ NOIRE posts ante 50
RIHM94 posts small blind 250
puckmaya posts big blind 500
Dealt to manggy94 [Qc 2d]
*** PRE-FLOP *** 
NRJ NOIRE folds
manggy94 folds
mayun folds
ludoleblanc folds
RIHM94 folds
puckmaya collected 1050 from pot
*** SUMMARY ***
Total pot 1050 | No rake
Seat 6: puckmaya (big blind) won 1050


Winamax Poker - Tournament "Qualif. Ticket 5€" buyIn: 0.90€ + 0.10€ level: 14 - HandId: #688897202201821185-62-1465927387 - Holdem no limit (70/300/600) - 2016/06/14 18:03:07 UTC
Table: 'Qualif. Ticket 5€(160396379)#000' 8-max (real money) Seat #4 is the button
Seat 1: manggy94 (11585)
Seat 2: mayun (4640)
Seat 3: ludoleblanc (1337)
Seat 4: RIHM94 (5600)
Seat 6: puckmaya (4505)
Seat 8: NRJ NOIRE (12569)
*** ANTE/BLINDS ***
puckmaya posts ante 70
NRJ NOIRE posts ante 70
manggy94 posts ante 70
mayun posts ante 70
ludoleblanc posts ante 70
RIHM94 posts ante 70
puckmaya posts small blind 300
NRJ NOIRE posts big blind 600
Dealt to manggy94 [4s 7h]
*** PRE-FLOP *** 
manggy94 folds
mayun folds
ludoleblanc folds
RIHM94 folds
puckmaya folds
NRJ NOIRE collected 1320 from pot
*** SUMMARY ***
Total pot 1320 | No rake
Seat 8: NRJ NOIRE (big blind) won 1320


Winamax Poker - Tournament "Qualif. Ticket 5€" buyIn: 0.90€ + 0.10€ level: 14 - HandId: #688897202201821185-63-1465927413 - Holdem no limit (70/300/600) - 2016/06/14 18:03:33 UTC
Table: 'Qualif. Ticket 5€(160396379)#000' 8-max (real money) Seat #6 is the button
Seat 1: manggy94 (11515)
Seat 2: mayun (4570)
Seat 3: ludoleblanc (1267)
Seat 4: RIHM94 (5530)
Seat 6: puckmaya (4135)
Seat 8: NRJ NOIRE (13219)
*** ANTE/BLINDS ***
NRJ NOIRE posts ante 70
manggy94 posts ante 70
mayun posts ante 70
ludoleblanc posts ante 70
RIHM94 posts ante 70
puckmaya posts ante 70
NRJ NOIRE posts small blind 300
manggy94 posts big blind 600
Dealt to manggy94 [7s Ac]
*** PRE-FLOP *** 
mayun folds
ludoleblanc folds
RIHM94 folds
puckmaya folds
NRJ NOIRE calls 300
manggy94 folds
NRJ NOIRE collected 1620 from pot
*** SUMMARY ***
Total pot 1620 | No rake
Seat 8: NRJ NOIRE (small blind) won 1620


Winamax Poker - Tournament "Qualif. Ticket 5€" buyIn: 0.90€ + 0.10€ level: 14 - HandId: #688897202201821186-77-1465927466 - Holdem no limit (70/300/600) - 2016/06/14 18:04:26 UTC
Table: 'Qualif. Ticket 5€(160396379)#001' 8-max (real money) Seat #3 is the button
Seat 1: Baguitoh (10895)
Seat 2: StopCallFish (3174)
Seat 3: RIHM94 (5460)
Seat 4: manggy94 (10845)
Seat 5: kleinpoka (6500)
Seat 6: puckmaya (4065)
Seat 7: StrafHendrik (7180)
Seat 8: cosinussinus (7530)
*** ANTE/BLINDS ***
manggy94 posts ante 70
kleinpoka posts ante 70
Baguitoh posts ante 70
StopCallFish posts ante 70
RIHM94 posts ante 70
puckmaya posts ante 70
StrafHendrik posts ante 70
cosinussinus posts ante 70
manggy94 posts small blind 300
kleinpoka posts big blind 600
Dealt to manggy94 [Qs 2s]
*** PRE-FLOP *** 
puckmaya folds
StrafHendrik folds
cosinussinus folds
Baguitoh folds
StopCallFish folds
RIHM94 folds
manggy94 folds
kleinpoka collected 1460 from pot
*** SUMMARY ***
Total pot 1460 | No rake
Seat 5: kleinpoka (big blind) won 1460


Winamax Poker - Tournament "Qualif. Ticket 5€" buyIn: 0.90€ + 0.10€ level: 14 - HandId: #688897202201821186-78-1465927504 - Holdem no limit (70/300/600) - 2016/06/14 18:05:04 UTC
Table: 'Qualif. Ticket 5€(160396379)#001' 8-max (real money) Seat #4 is the button
Seat 1: Baguitoh (10825)
Seat 2: StopCallFish (3104)
Seat 3: RIHM94 (5390)
Seat 4: manggy94 (10475)
Seat 5: kleinpoka (7290)
Seat 6: puckmaya (3995)
Seat 7: StrafHendrik (7110)
Seat 8: cosinussinus (7460)
*** ANTE/BLINDS ***
kleinpoka posts ante 70
puckmaya posts ante 70
Baguitoh posts ante 70
StopCallFish posts ante 70
RIHM94 posts ante 70
manggy94 posts ante 70
StrafHendrik posts ante 70
cosinussinus posts ante 70
kleinpoka posts small blind 300
puckmaya posts big blind 600
Dealt to manggy94 [3s 2h]
*** PRE-FLOP *** 
StrafHendrik folds
cosinussinus folds
Baguitoh folds
StopCallFish raises 2434 to 3034 and is all-in
RIHM94 folds
manggy94 folds
kleinpoka folds
puckmaya calls 2434
*** FLOP *** [2c Qh Ks]
*** TURN *** [2c Qh Ks][5s]
*** RIVER *** [2c Qh Ks 5s][5c]
*** SHOW DOWN ***
StopCallFish shows [4h Ac] (One pair : 5)
puckmaya shows [Kh 9h] (Two pairs : Kings and 5)
puckmaya collected 6928 from pot
*** SUMMARY ***
Total pot 6928 | No rake
Board: [2c Qh Ks 5s 5c]
Seat 2: StopCallFish showed [4h Ac] and lost with One pair : 5
Seat 6: puckmaya (big blind) showed [Kh 9h] and won 6928 with Two pairs : Kings and 5


Winamax Poker - Tournament "Qualif. Ticket 5€" buyIn: 0.90€ + 0.10€ level: 14 - HandId: #688897202201821186-79-1465927552 - Holdem no limit (70/300/600) - 2016/06/14 18:05:52 UTC
Table: 'Qualif. Ticket 5€(160396379)#001' 8-max (real money) Seat #5 is the button
Seat 1: Baguitoh (10755)
Seat 3: RIHM94 (5320)
Seat 4: manggy94 (10405)
Seat 5: kleinpoka (6920)
Seat 6: puckmaya (7819)
Seat 7: StrafHendrik (7040)
Seat 8: cosinussinus (7390)
*** ANTE/BLINDS ***
puckmaya posts ante 70
StrafHendrik posts ante 70
Baguitoh posts ante 70
RIHM94 posts ante 70
manggy94 posts ante 70
kleinpoka posts ante 70
cosinussinus posts ante 70
puckmaya posts small blind 300
StrafHendrik posts big blind 600
Dealt to manggy94 [9c Jc]
*** PRE-FLOP *** 
cosinussinus folds
Baguitoh folds
RIHM94 folds
manggy94 folds
kleinpoka raises 6250 to 6850 and is all-in
puckmaya folds
StrafHendrik folds
kleinpoka collected 8240 from pot
*** SUMMARY ***
Total pot 8240 | No rake
Seat 5: kleinpoka (button) won 8240


Winamax Poker - Tournament "Qualif. Ticket 5€" buyIn: 0.90€ + 0.10€ level: 14 - HandId: #688897202201821186-80-1465927601 - Holdem no limit (70/300/600) - 2016/06/14 18:06:41 UTC
Table: 'Qualif. Ticket 5€(160396379)#001' 8-max (real money) Seat #6 is the button
Seat 1: Baguitoh (10685)
Seat 3: RIHM94 (5250)
Seat 4: manggy94 (10335)
Seat 5: kleinpoka (8240)
Seat 6: puckmaya (7449)
Seat 7: StrafHendrik (6370)
Seat 8: cosinussinus (7320)
*** ANTE/BLINDS ***
StrafHendrik posts ante 70
cosinussinus posts ante 70
Baguitoh posts ante 70
RIHM94 posts ante 70
manggy94 posts ante 70
kleinpoka posts ante 70
puckmaya posts ante 70
StrafHendrik posts small blind 300
cosinussinus posts big blind 600
Dealt to manggy94 [Ks Tc]
*** PRE-FLOP *** 
Baguitoh folds
RIHM94 folds
manggy94 folds
kleinpoka folds
puckmaya raises 6779 to 7379 and is all-in
StrafHendrik folds
cosinussinus folds
puckmaya collected 8769 from pot
*** SUMMARY ***
Total pot 8769 | No rake
Seat 6: puckmaya (button) won 8769


Winamax Poker - Tournament "Qualif. Ticket 5€" buyIn: 0.90€ + 0.10€ level: 14 - HandId: #688897202201821186-81-1465927637 - Holdem no limit (70/300/600) - 2016/06/14 18:07:17 UTC
Table: 'Qualif. Ticket 5€(160396379)#001' 8-max (real money) Seat #7 is the button
Seat 1: Baguitoh (10615)
Seat 3: RIHM94 (5180)
Seat 4: manggy94 (10265)
Seat 5: kleinpoka (8170)
Seat 6: puckmaya (8769)
Seat 7: StrafHendrik (6000)
Seat 8: cosinussinus (6650)
*** ANTE/BLINDS ***
cosinussinus posts ante 70
Baguitoh posts ante 70
RIHM94 posts ante 70
manggy94 posts ante 70
kleinpoka posts ante 70
puckmaya posts ante 70
StrafHendrik posts ante 70
cosinussinus posts small blind 300
Baguitoh posts big blind 600
Dealt to manggy94 [9s 8s]
*** PRE-FLOP *** 
RIHM94 folds
manggy94 folds
kleinpoka raises 7500 to 8100 and is all-in
puckmaya folds
StrafHendrik calls 5930 and is all-in
cosinussinus folds
Baguitoh folds
*** FLOP *** [Jd 3d 9d]
*** TURN *** [Jd 3d 9d][2d]
*** RIVER *** [Jd 3d 9d 2d][5h]
*** SHOW DOWN ***
StrafHendrik shows [Td Tc] (Flush Jack high)
kleinpoka shows [Ac 6s] (High card : Ace)
kleinpoka collected 2170 from side pot 1
StrafHendrik collected 13250 from main pot
*** SUMMARY ***
Total pot 15420 | No rake
Board: [Jd 3d 9d 2d 5h]
Seat 5: kleinpoka showed [Ac 6s] and won 2170 with High card : Ace
Seat 7: StrafHendrik (button) showed [Td Tc] and won 13250 with Flush Jack high


Winamax Poker - Tournament "Qualif. Ticket 5€" buyIn: 0.90€ + 0.10€ level: 14 - HandId: #688897202201821186-82-1465927680 - Holdem no limit (70/300/600) - 2016/06/14 18:08:00 UTC
Table: 'Qualif. Ticket 5€(160396379)#001' 8-max (real money) Seat #8 is the button
Seat 1: Baguitoh (9945)
Seat 3: RIHM94 (5110)
Seat 4: manggy94 (10195)
Seat 5: kleinpoka (2170)
Seat 6: puckmaya (8699)
Seat 7: StrafHendrik (13250)
Seat 8: cosinussinus (6280)
*** ANTE/BLINDS ***
Baguitoh posts ante 70
RIHM94 posts ante 70
manggy94 posts ante 70
kleinpoka posts ante 70
puckmaya posts ante 70
StrafHendrik posts ante 70
cosinussinus posts ante 70
Baguitoh posts small blind 300
RIHM94 posts big blind 600
Dealt to manggy94 [Kc 7h]
*** PRE-FLOP *** 
manggy94 folds
kleinpoka folds
puckmaya raises 8029 to 8629 and is all-in
StrafHendrik folds
cosinussinus folds
Baguitoh folds
RIHM94 folds
puckmaya collected 10019 from pot
*** SUMMARY ***
Total pot 10019 | No rake
Seat 6: puckmaya won 10019


Winamax Poker - Tournament "Qualif. Ticket 5€" buyIn: 0.90€ + 0.10€ level: 14 - HandId: #688897202201821186-83-1465927730 - Holdem no limit (70/300/600) - 2016/06/14 18:08:50 UTC
Table: 'Qualif. Ticket 5€(160396379)#001' 8-max (real money) Seat #1 is the button
Seat 1: Baguitoh (9575)
Seat 3: RIHM94 (4440)
Seat 4: manggy94 (10125)
Seat 5: kleinpoka (2100)
Seat 6: puckmaya (10019)
Seat 7: StrafHendrik (13180)
Seat 8: cosinussinus (6210)
*** ANTE/BLINDS ***
RIHM94 posts ante 70
manggy94 posts ante 70
Baguitoh posts ante 70
kleinpoka posts ante 70
puckmaya posts ante 70
StrafHendrik posts ante 70
cosinussinus posts ante 70
RIHM94 posts small blind 300
manggy94 posts big blind 600
Dealt to manggy94 [8c 5h]
*** PRE-FLOP *** 
kleinpoka raises 1430 to 2030 and is all-in
puckmaya folds
StrafHendrik folds
cosinussinus folds
Baguitoh folds
RIHM94 folds
manggy94 folds
kleinpoka collected 3420 from pot
*** SUMMARY ***
Total pot 3420 | No rake
Seat 5: kleinpoka won 3420


Winamax Poker - Tournament "Qualif. Ticket 5€" buyIn: 0.90€ + 0.10€ level: 15 - HandId: #688897202201821186-84-1465927770 - Holdem no limit (80/400/800) - 2016/06/14 18:09:30 UTC
Table: 'Qualif. Ticket 5€(160396379)#001' 8-max (real money) Seat #3 is the button
Seat 1: Baguitoh (9505)
Seat 3: RIHM94 (4070)
Seat 4: manggy94 (9455)
Seat 5: kleinpoka (3420)
Seat 6: puckmaya (9949)
Seat 7: StrafHendrik (13110)
Seat 8: cosinussinus (6140)
*** ANTE/BLINDS ***
manggy94 posts ante 80
kleinpoka posts ante 80
Baguitoh posts ante 80
RIHM94 posts ante 80
puckmaya posts ante 80
StrafHendrik posts ante 80
cosinussinus posts ante 80
manggy94 posts small blind 400
kleinpoka posts big blind 800
Dealt to manggy94 [7c Jd]
*** PRE-FLOP *** 
puckmaya folds
StrafHendrik folds
cosinussinus folds
Baguitoh folds
RIHM94 folds
manggy94 folds
kleinpoka collected 1760 from pot
*** SUMMARY ***
Total pot 1760 | No rake
Seat 5: kleinpoka (big blind) won 1760


Winamax Poker - Tournament "Qualif. Ticket 5€" buyIn: 0.90€ + 0.10€ level: 15 - HandId: #688897202201821186-85-1465927800 - Holdem no limit (80/400/800) - 2016/06/14 18:10:00 UTC
Table: 'Qualif. Ticket 5€(160396379)#001' 8-max (real money) Seat #4 is the button
Seat 1: Baguitoh (9425)
Seat 3: RIHM94 (3990)
Seat 4: manggy94 (8975)
Seat 5: kleinpoka (4300)
Seat 6: puckmaya (9869)
Seat 7: StrafHendrik (13030)
Seat 8: cosinussinus (6060)
*** ANTE/BLINDS ***
kleinpoka posts ante 80
puckmaya posts ante 80
Baguitoh posts ante 80
RIHM94 posts ante 80
manggy94 posts ante 80
StrafHendrik posts ante 80
cosinussinus posts ante 80
kleinpoka posts small blind 400
puckmaya posts big blind 800
Dealt to manggy94 [9d 6s]
*** PRE-FLOP *** 
StrafHendrik folds
cosinussinus folds
Baguitoh folds
RIHM94 folds
manggy94 folds
kleinpoka raises 3420 to 4220 and is all-in
puckmaya calls 3420
*** FLOP *** [Kc 2d Ks]
*** TURN *** [Kc 2d Ks][8s]
*** RIVER *** [Kc 2d Ks 8s][5d]
*** SHOW DOWN ***
kleinpoka shows [Js 6d] (One pair : Kings)
puckmaya shows [7c As] (One pair : Kings)
puckmaya collected 9000 from pot
*** SUMMARY ***
Total pot 9000 | No rake
Board: [Kc 2d Ks 8s 5d]
Seat 5: kleinpoka (small blind) showed [Js 6d] and lost with One pair : Kings
Seat 6: puckmaya (big blind) showed [7c As] and won 9000 with One pair : Kings


Winamax Poker - Tournament "Qualif. Ticket 5€" buyIn: 0.90€ + 0.10€ level: 15 - HandId: #688897202201821186-86-1465927832 - Holdem no limit (80/400/800) - 2016/06/14 18:10:32 UTC
Table: 'Qualif. Ticket 5€(160396379)#001' 8-max (real money) Seat #5 is the button
Seat 1: Baguitoh (9345)
Seat 3: RIHM94 (3910)
Seat 4: manggy94 (8895)
Seat 6: puckmaya (14569)
Seat 7: StrafHendrik (12950)
Seat 8: cosinussinus (5980)
*** ANTE/BLINDS ***
puckmaya posts ante 80
StrafHendrik posts ante 80
Baguitoh posts ante 80
RIHM94 posts ante 80
manggy94 posts ante 80
cosinussinus posts ante 80
puckmaya posts small blind 400
StrafHendrik posts big blind 800
Dealt to manggy94 [2d Js]
*** PRE-FLOP *** 
cosinussinus folds
Baguitoh folds
RIHM94 folds
manggy94 folds
puckmaya folds
StrafHendrik collected 1680 from pot
*** SUMMARY ***
Total pot 1680 | No rake
Seat 7: StrafHendrik (big blind) won 1680


Winamax Poker - Tournament "Qualif. Ticket 5€" buyIn: 0.90€ + 0.10€ level: 15 - HandId: #688897202201821186-87-1465927852 - Holdem no limit (80/400/800) - 2016/06/14 18:10:52 UTC
Table: 'Qualif. Ticket 5€(160396379)#001' 8-max (real money) Seat #6 is the button
Seat 1: Baguitoh (9265)
Seat 3: RIHM94 (3830)
Seat 4: manggy94 (8815)
Seat 6: puckmaya (14089)
Seat 7: StrafHendrik (13750)
Seat 8: cosinussinus (5900)
*** ANTE/BLINDS ***
StrafHendrik posts ante 80
cosinussinus posts ante 80
Baguitoh posts ante 80
RIHM94 posts ante 80
manggy94 posts ante 80
puckmaya posts ante 80
StrafHendrik posts small blind 400
cosinussinus posts big blind 800
Dealt to manggy94 [Qs Jh]
*** PRE-FLOP *** 
Baguitoh raises 800 to 1600
RIHM94 raises 2150 to 3750 and is all-in
manggy94 folds
puckmaya folds
StrafHendrik folds
cosinussinus folds
Baguitoh calls 2150
*** FLOP *** [3c 4c 2h]
*** TURN *** [3c 4c 2h][Ts]
*** RIVER *** [3c 4c 2h Ts][8d]
*** SHOW DOWN ***
Baguitoh shows [9d Kd] (High card : King)
RIHM94 shows [5d 5h] (One pair : 5)
RIHM94 collected 9180 from pot
*** SUMMARY ***
Total pot 9180 | No rake
Board: [3c 4c 2h Ts 8d]
Seat 1: Baguitoh showed [9d Kd] and lost with High card : King
Seat 3: RIHM94 showed [5d 5h] and won 9180 with One pair : 5


Winamax Poker - Tournament "Qualif. Ticket 5€" buyIn: 0.90€ + 0.10€ level: 15 - HandId: #688897202201821186-88-1465927890 - Holdem no limit (80/400/800) - 2016/06/14 18:11:30 UTC
Table: 'Qualif. Ticket 5€(160396379)#001' 8-max (real money) Seat #7 is the button
Seat 1: Baguitoh (5435)
Seat 3: RIHM94 (9180)
Seat 4: manggy94 (8735)
Seat 6: puckmaya (14009)
Seat 7: StrafHendrik (13270)
Seat 8: cosinussinus (5020)
*** ANTE/BLINDS ***
cosinussinus posts ante 80
Baguitoh posts ante 80
RIHM94 posts ante 80
manggy94 posts ante 80
puckmaya posts ante 80
StrafHendrik posts ante 80
cosinussinus posts small blind 400
Baguitoh posts big blind 800
Dealt to manggy94 [Kd 8c]
*** PRE-FLOP *** 
RIHM94 folds
manggy94 folds
puckmaya folds
StrafHendrik raises 800 to 1600
cosinussinus raises 800 to 2400
Baguitoh folds
StrafHendrik calls 800
*** FLOP *** [3h 6d Td]
cosinussinus checks
StrafHendrik bets 3040
cosinussinus calls 2540 and is all-in
*** TURN *** [3h 6d Td][4s]
*** RIVER *** [3h 6d Td 4s][7s]
*** SHOW DOWN ***
cosinussinus shows [Ah Ad] (One pair : Aces)
StrafHendrik shows [Tc Kc] (One pair : Tens)
StrafHendrik collected 500 from side pot 1
cosinussinus collected 11160 from main pot
*** SUMMARY ***
Total pot 11660 | No rake
Board: [3h 6d Td 4s 7s]
Seat 7: StrafHendrik (button) showed [Tc Kc] and won 500 with One pair : Tens
Seat 8: cosinussinus (small blind) showed [Ah Ad] and won 11160 with One pair : Aces


Winamax Poker - Tournament "Qualif. Ticket 5€" buyIn: 0.90€ + 0.10€ level: 15 - HandId: #688897202201821186-89-1465927928 - Holdem no limit (80/400/800) - 2016/06/14 18:12:08 UTC
Table: 'Qualif. Ticket 5€(160396379)#001' 8-max (real money) Seat #8 is the button
Seat 1: Baguitoh (4555)
Seat 3: RIHM94 (9100)
Seat 4: manggy94 (8655)
Seat 6: puckmaya (13929)
Seat 7: StrafHendrik (8250)
Seat 8: cosinussinus (11160)
*** ANTE/BLINDS ***
Baguitoh posts ante 80
RIHM94 posts ante 80
manggy94 posts ante 80
puckmaya posts ante 80
StrafHendrik posts ante 80
cosinussinus posts ante 80
Baguitoh posts small blind 400
RIHM94 posts big blind 800
Dealt to manggy94 [Th Ts]
*** PRE-FLOP *** 
manggy94 folds
puckmaya folds
StrafHendrik folds
cosinussinus folds
Baguitoh raises 3675 to 4475 and is all-in
RIHM94 calls 3675
*** FLOP *** [6h 4d Qs]
*** TURN *** [6h 4d Qs][8d]
*** RIVER *** [6h 4d Qs 8d][3c]
*** SHOW DOWN ***
Baguitoh shows [2h Js] (High card : Queen)
RIHM94 shows [6d 6c] (Trips of 6)
RIHM94 collected 9430 from pot
*** SUMMARY ***
Total pot 9430 | No rake
Board: [6h 4d Qs 8d 3c]
Seat 1: Baguitoh (small blind) showed [2h Js] and lost with High card : Queen
Seat 3: RIHM94 (big blind) showed [6d 6c] and won 9430 with Trips of 6


Winamax Poker - Tournament "Qualif. Ticket 5€" buyIn: 0.90€ + 0.10€ level: 15 - HandId: #688897202201821186-90-1465927953 - Holdem no limit (80/400/800) - 2016/06/14 18:12:33 UTC
Table: 'Qualif. Ticket 5€(160396379)#001' 8-max (real money) Seat #1 is the button
Seat 3: RIHM94 (13975)
Seat 4: manggy94 (8575)
Seat 6: puckmaya (13849)
Seat 7: StrafHendrik (8170)
Seat 8: cosinussinus (11080)
*** ANTE/BLINDS ***
RIHM94 posts ante 80
manggy94 posts ante 80
puckmaya posts ante 80
StrafHendrik posts ante 80
cosinussinus posts ante 80
RIHM94 posts small blind 400
manggy94 posts big blind 800
Dealt to manggy94 [Td Kc]
*** PRE-FLOP *** 
puckmaya folds
StrafHendrik calls 800
cosinussinus folds
RIHM94 calls 400
manggy94 folds
*** FLOP *** [9c 2d 2h]
RIHM94 checks
StrafHendrik checks
*** TURN *** [9c 2d 2h][3d]
RIHM94 checks
StrafHendrik checks
*** RIVER *** [9c 2d 2h 3d][5h]
RIHM94 checks
StrafHendrik checks
*** SHOW DOWN ***
StrafHendrik shows [6c Ad] (One pair : 2)
RIHM94 shows [8h 8c] (Two pairs : 8 and 2)
RIHM94 collected 2800 from pot
*** SUMMARY ***
Total pot 2800 | No rake
Board: [9c 2d 2h 3d 5h]
Seat 3: RIHM94 (small blind) showed [8h 8c] and won 2800 with Two pairs : 8 and 2
Seat 7: StrafHendrik showed [6c Ad] and lost with One pair : 2


Winamax Poker - Tournament "Qualif. Ticket 5€" buyIn: 0.90€ + 0.10€ level: 15 - HandId: #688897202201821186-91-1465927988 - Holdem no limit (80/400/800) - 2016/06/14 18:13:08 UTC
Table: 'Qualif. Ticket 5€(160396379)#001' 8-max (real money) Seat #3 is the button
Seat 3: RIHM94 (15895)
Seat 4: manggy94 (7695)
Seat 6: puckmaya (13769)
Seat 7: StrafHendrik (7290)
Seat 8: cosinussinus (11000)
*** ANTE/BLINDS ***
manggy94 posts ante 80
puckmaya posts ante 80
RIHM94 posts ante 80
StrafHendrik posts ante 80
cosinussinus posts ante 80
manggy94 posts small blind 400
puckmaya posts big blind 800
Dealt to manggy94 [8h Kh]
*** PRE-FLOP *** 
StrafHendrik folds
cosinussinus folds
RIHM94 folds
manggy94 folds
puckmaya collected 1600 from pot
*** SUMMARY ***
Total pot 1600 | No rake
Seat 6: puckmaya (big blind) won 1600


Winamax Poker - Tournament "Qualif. Ticket 5€" buyIn: 0.90€ + 0.10€ level: 15 - HandId: #688897202201821186-92-1465927997 - Holdem no limit (80/400/800) - 2016/06/14 18:13:17 UTC
Table: 'Qualif. Ticket 5€(160396379)#001' 8-max (real money) Seat #4 is the button
Seat 3: RIHM94 (15815)
Seat 4: manggy94 (7215)
Seat 6: puckmaya (14489)
Seat 7: StrafHendrik (7210)
Seat 8: cosinussinus (10920)
*** ANTE/BLINDS ***
puckmaya posts ante 80
StrafHendrik posts ante 80
RIHM94 posts ante 80
manggy94 posts ante 80
cosinussinus posts ante 80
puckmaya posts small blind 400
StrafHendrik posts big blind 800
Dealt to manggy94 [8d Jh]
*** PRE-FLOP *** 
cosinussinus folds
RIHM94 folds
manggy94 folds
puckmaya raises 13609 to 14409 and is all-in
StrafHendrik folds
puckmaya collected 15609 from pot
*** SUMMARY ***
Total pot 15609 | No rake
Seat 6: puckmaya (small blind) won 15609


Winamax Poker - Tournament "Qualif. Ticket 5€" buyIn: 0.90€ + 0.10€ level: 15 - HandId: #688897202201821186-93-1465928023 - Holdem no limit (80/400/800) - 2016/06/14 18:13:43 UTC
Table: 'Qualif. Ticket 5€(160396379)#001' 8-max (real money) Seat #6 is the button
Seat 3: RIHM94 (15735)
Seat 4: manggy94 (7135)
Seat 6: puckmaya (15609)
Seat 7: StrafHendrik (6330)
Seat 8: cosinussinus (10840)
*** ANTE/BLINDS ***
StrafHendrik posts ante 80
cosinussinus posts ante 80
RIHM94 posts ante 80
manggy94 posts ante 80
puckmaya posts ante 80
StrafHendrik posts small blind 400
cosinussinus posts big blind 800
Dealt to manggy94 [7c 6h]
*** PRE-FLOP *** 
RIHM94 folds
manggy94 folds
puckmaya folds
StrafHendrik folds
cosinussinus collected 1600 from pot
*** SUMMARY ***
Total pot 1600 | No rake
Seat 8: cosinussinus (big blind) won 1600


Winamax Poker - Tournament "Qualif. Ticket 5€" buyIn: 0.90€ + 0.10€ level: 15 - HandId: #688897202201821186-94-1465928035 - Holdem no limit (80/400/800) - 2016/06/14 18:13:55 UTC
Table: 'Qualif. Ticket 5€(160396379)#001' 8-max (real money) Seat #7 is the button
Seat 3: RIHM94 (15655)
Seat 4: manggy94 (7055)
Seat 6: puckmaya (15529)
Seat 7: StrafHendrik (5850)
Seat 8: cosinussinus (11560)
*** ANTE/BLINDS ***
cosinussinus posts ante 80
RIHM94 posts ante 80
manggy94 posts ante 80
puckmaya posts ante 80
StrafHendrik posts ante 80
cosinussinus posts small blind 400
RIHM94 posts big blind 800
Dealt to manggy94 [Ac 4d]
*** PRE-FLOP *** 
manggy94 folds
puckmaya folds
StrafHendrik folds
cosinussinus folds
RIHM94 collected 1600 from pot
*** SUMMARY ***
Total pot 1600 | No rake
Seat 3: RIHM94 (big blind) won 1600


Winamax Poker - Tournament "Qualif. Ticket 5€" buyIn: 0.90€ + 0.10€ level: 16 - HandId: #688897202201821185-84-1465928127 - Holdem no limit (100/500/1000) - 2016/06/14 18:15:27 UTC
Table: 'Qualif. Ticket 5€(160396379)#000' 8-max (real money) Seat #1 is the button
Seat 1: Sir.2river (11054)
Seat 2: hamix (8940)
Seat 3: manggy94 (6975)
Seat 4: cosinussinus (11080)
Seat 5: APK-Spound (11024)
Seat 6: StU-ThE KiD (11338)
Seat 7: Breizhrio (9472)
Seat 8: benrokx (11291)
*** ANTE/BLINDS ***
hamix posts ante 100
manggy94 posts ante 100
Sir.2river posts ante 100
cosinussinus posts ante 100
APK-Spound posts ante 100
StU-ThE KiD posts ante 100
Breizhrio posts ante 100
benrokx posts ante 100
hamix posts small blind 500
manggy94 posts big blind 1000
Dealt to manggy94 [5h 7c]
*** PRE-FLOP *** 
cosinussinus folds
APK-Spound folds
StU-ThE KiD folds
Breizhrio raises 3300 to 4300
benrokx folds
Sir.2river folds
hamix folds
manggy94 folds
Breizhrio collected 6600 from pot
*** SUMMARY ***
Total pot 6600 | No rake
Seat 7: Breizhrio won 6600


Winamax Poker - Tournament "Qualif. Ticket 5€" buyIn: 0.90€ + 0.10€ level: 16 - HandId: #688897202201821185-85-1465928166 - Holdem no limit (100/500/1000) - 2016/06/14 18:16:06 UTC
Table: 'Qualif. Ticket 5€(160396379)#000' 8-max (real money) Seat #2 is the button
Seat 1: Sir.2river (10954)
Seat 2: hamix (8340)
Seat 3: manggy94 (5875)
Seat 4: cosinussinus (10980)
Seat 5: APK-Spound (10924)
Seat 6: StU-ThE KiD (11238)
Seat 7: Breizhrio (11672)
Seat 8: benrokx (11191)
*** ANTE/BLINDS ***
manggy94 posts ante 100
cosinussinus posts ante 100
Sir.2river posts ante 100
hamix posts ante 100
APK-Spound posts ante 100
StU-ThE KiD posts ante 100
Breizhrio posts ante 100
benrokx posts ante 100
manggy94 posts small blind 500
cosinussinus posts big blind 1000
Dealt to manggy94 [6c 4d]
*** PRE-FLOP *** 
APK-Spound folds
StU-ThE KiD folds
Breizhrio folds
benrokx folds
Sir.2river folds
hamix folds
manggy94 folds
cosinussinus collected 2300 from pot
*** SUMMARY ***
Total pot 2300 | No rake
Seat 4: cosinussinus (big blind) won 2300


Winamax Poker - Tournament "Qualif. Ticket 5€" buyIn: 0.90€ + 0.10€ level: 16 - HandId: #688897202201821185-86-1465928209 - Holdem no limit (100/500/1000) - 2016/06/14 18:16:49 UTC
Table: 'Qualif. Ticket 5€(160396379)#000' 8-max (real money) Seat #3 is the button
Seat 1: Sir.2river (10854)
Seat 2: hamix (8240)
Seat 3: manggy94 (5275)
Seat 4: cosinussinus (12180)
Seat 5: APK-Spound (10824)
Seat 6: StU-ThE KiD (11138)
Seat 7: Breizhrio (11572)
Seat 8: benrokx (11091)
*** ANTE/BLINDS ***
cosinussinus posts ante 100
APK-Spound posts ante 100
Sir.2river posts ante 100
hamix posts ante 100
manggy94 posts ante 100
StU-ThE KiD posts ante 100
Breizhrio posts ante 100
benrokx posts ante 100
cosinussinus posts small blind 500
APK-Spound posts big blind 1000
Dealt to manggy94 [5s Th]
*** PRE-FLOP *** 
StU-ThE KiD folds
Breizhrio folds
benrokx folds
Sir.2river folds
hamix folds
manggy94 folds
cosinussinus folds
APK-Spound shows [4c 4s] (One pair : 4)
APK-Spound collected 2300 from pot
*** SUMMARY ***
Total pot 2300 | No rake
Seat 5: APK-Spound (big blind) showed [4c 4s] and won 2300 with One pair : 4


Winamax Poker - Tournament "Qualif. Ticket 5€" buyIn: 0.90€ + 0.10€ level: 16 - HandId: #688897202201821185-87-1465928238 - Holdem no limit (100/500/1000) - 2016/06/14 18:17:18 UTC
Table: 'Qualif. Ticket 5€(160396379)#000' 8-max (real money) Seat #4 is the button
Seat 1: Sir.2river (10754)
Seat 2: hamix (8140)
Seat 3: manggy94 (5175)
Seat 4: cosinussinus (11580)
Seat 5: APK-Spound (12024)
Seat 6: StU-ThE KiD (11038)
Seat 7: Breizhrio (11472)
Seat 8: benrokx (10991)
*** ANTE/BLINDS ***
APK-Spound posts ante 100
StU-ThE KiD posts ante 100
Sir.2river posts ante 100
hamix posts ante 100
manggy94 posts ante 100
cosinussinus posts ante 100
Breizhrio posts ante 100
benrokx posts ante 100
APK-Spound posts small blind 500
StU-ThE KiD posts big blind 1000
Dealt to manggy94 [2s 8s]
*** PRE-FLOP *** 
Breizhrio folds
benrokx folds
Sir.2river folds
hamix folds
manggy94 folds
cosinussinus raises 1000 to 2000
APK-Spound folds
StU-ThE KiD folds
cosinussinus collected 4300 from pot
*** SUMMARY ***
Total pot 4300 | No rake
Seat 4: cosinussinus (button) won 4300


Winamax Poker - Tournament "Qualif. Ticket 5€" buyIn: 0.90€ + 0.10€ level: 16 - HandId: #688897202201821185-88-1465928282 - Holdem no limit (100/500/1000) - 2016/06/14 18:18:02 UTC
Table: 'Qualif. Ticket 5€(160396379)#000' 8-max (real money) Seat #5 is the button
Seat 1: Sir.2river (10654)
Seat 2: hamix (8040)
Seat 3: manggy94 (5075)
Seat 4: cosinussinus (13780)
Seat 5: APK-Spound (11424)
Seat 6: StU-ThE KiD (9938)
Seat 7: Breizhrio (11372)
*** ANTE/BLINDS ***
StU-ThE KiD posts ante 100
Breizhrio posts ante 100
Sir.2river posts ante 100
hamix posts ante 100
manggy94 posts ante 100
cosinussinus posts ante 100
APK-Spound posts ante 100
StU-ThE KiD posts small blind 500
Breizhrio posts big blind 1000
Dealt to manggy94 [As 5h]
*** PRE-FLOP *** 
Sir.2river folds
hamix folds
manggy94 folds
cosinussinus folds
APK-Spound raises 1500 to 2500
StU-ThE KiD folds
Breizhrio folds
APK-Spound collected 4700 from pot
*** SUMMARY ***
Total pot 4700 | No rake
Seat 5: APK-Spound (button) won 4700


Winamax Poker - Tournament "Qualif. Ticket 5€" buyIn: 0.90€ + 0.10€ level: 16 - HandId: #688897202201821185-89-1465928324 - Holdem no limit (100/500/1000) - 2016/06/14 18:18:44 UTC
Table: 'Qualif. Ticket 5€(160396379)#000' 8-max (real money) Seat #6 is the button
Seat 1: Sir.2river (10554)
Seat 2: hamix (7940)
Seat 3: manggy94 (4975)
Seat 4: cosinussinus (13680)
Seat 5: APK-Spound (13524)
Seat 6: StU-ThE KiD (9338)
Seat 7: Breizhrio (10272)
*** ANTE/BLINDS ***
Breizhrio posts ante 100
Sir.2river posts ante 100
hamix posts ante 100
manggy94 posts ante 100
cosinussinus posts ante 100
APK-Spound posts ante 100
StU-ThE KiD posts ante 100
Breizhrio posts small blind 500
Sir.2river posts big blind 1000
Dealt to manggy94 [9h 2c]
*** PRE-FLOP *** 
hamix raises 6840 to 7840 and is all-in
manggy94 folds
cosinussinus folds
APK-Spound folds
StU-ThE KiD folds
Breizhrio folds
Sir.2river folds
hamix collected 10040 from pot
*** SUMMARY ***
Total pot 10040 | No rake
Seat 2: hamix won 10040


Winamax Poker - Tournament "Qualif. Ticket 5€" buyIn: 0.90€ + 0.10€ level: 16 - HandId: #688897202201821185-90-1465928345 - Holdem no limit (100/500/1000) - 2016/06/14 18:19:05 UTC
Table: 'Qualif. Ticket 5€(160396379)#000' 8-max (real money) Seat #7 is the button
Seat 1: Sir.2river (9454)
Seat 2: hamix (10040)
Seat 3: manggy94 (4875)
Seat 4: cosinussinus (13580)
Seat 5: APK-Spound (13424)
Seat 6: StU-ThE KiD (9238)
Seat 7: Breizhrio (9672)
*** ANTE/BLINDS ***
Sir.2river posts ante 100
hamix posts ante 100
manggy94 posts ante 100
cosinussinus posts ante 100
APK-Spound posts ante 100
StU-ThE KiD posts ante 100
Breizhrio posts ante 100
Sir.2river posts small blind 500
hamix posts big blind 1000
Dealt to manggy94 [3h 6h]
*** PRE-FLOP *** 
manggy94 folds
cosinussinus folds
APK-Spound folds
StU-ThE KiD folds
Breizhrio raises 8572 to 9572 and is all-in
Sir.2river folds
hamix folds
Breizhrio collected 11772 from pot
*** SUMMARY ***
Total pot 11772 | No rake
Seat 7: Breizhrio (button) won 11772


Winamax Poker - Tournament "Qualif. Ticket 5€" buyIn: 0.90€ + 0.10€ level: 16 - HandId: #688897202201821185-91-1465928366 - Holdem no limit (100/500/1000) - 2016/06/14 18:19:26 UTC
Table: 'Qualif. Ticket 5€(160396379)#000' 8-max (real money) Seat #1 is the button
Seat 1: Sir.2river (8854)
Seat 2: hamix (8940)
Seat 3: manggy94 (4775)
Seat 4: cosinussinus (13480)
Seat 5: APK-Spound (13324)
Seat 6: StU-ThE KiD (9138)
Seat 7: Breizhrio (11772)
*** ANTE/BLINDS ***
hamix posts ante 100
manggy94 posts ante 100
Sir.2river posts ante 100
cosinussinus posts ante 100
APK-Spound posts ante 100
StU-ThE KiD posts ante 100
Breizhrio posts ante 100
hamix posts small blind 500
manggy94 posts big blind 1000
Dealt to manggy94 [6c 9d]
*** PRE-FLOP *** 
cosinussinus folds
APK-Spound folds
StU-ThE KiD folds
Breizhrio folds
Sir.2river folds
hamix folds
manggy94 collected 2200 from pot
*** SUMMARY ***
Total pot 2200 | No rake
Seat 3: manggy94 (big blind) won 2200


Winamax Poker - Tournament "Qualif. Ticket 5€" buyIn: 0.90€ + 0.10€ level: 16 - HandId: #688897202201821185-92-1465928391 - Holdem no limit (100/500/1000) - 2016/06/14 18:19:51 UTC
Table: 'Qualif. Ticket 5€(160396379)#000' 8-max (real money) Seat #2 is the button
Seat 1: Sir.2river (8754)
Seat 2: hamix (8340)
Seat 3: manggy94 (5875)
Seat 4: cosinussinus (13380)
Seat 5: APK-Spound (13224)
Seat 6: StU-ThE KiD (9038)
Seat 7: Breizhrio (11672)
*** ANTE/BLINDS ***
manggy94 posts ante 100
cosinussinus posts ante 100
Sir.2river posts ante 100
hamix posts ante 100
APK-Spound posts ante 100
StU-ThE KiD posts ante 100
Breizhrio posts ante 100
manggy94 posts small blind 500
cosinussinus posts big blind 1000
Dealt to manggy94 [2h 6d]
*** PRE-FLOP *** 
APK-Spound folds
StU-ThE KiD folds
Breizhrio folds
Sir.2river folds
hamix calls 1000
manggy94 folds
cosinussinus checks
*** FLOP *** [6h 5s 9s]
cosinussinus bets 1000
hamix folds
cosinussinus collected 4200 from pot
*** SUMMARY ***
Total pot 4200 | No rake
Board: [6h 5s 9s]
Seat 4: cosinussinus (big blind) won 4200


Winamax Poker - Tournament "Qualif. Ticket 5€" buyIn: 0.90€ + 0.10€ level: 16 - HandId: #688897202201821185-93-1465928432 - Holdem no limit (100/500/1000) - 2016/06/14 18:20:32 UTC
Table: 'Qualif. Ticket 5€(160396379)#000' 8-max (real money) Seat #3 is the button
Seat 1: Sir.2river (8654)
Seat 2: hamix (7240)
Seat 3: manggy94 (5275)
Seat 4: cosinussinus (15480)
Seat 5: APK-Spound (13124)
Seat 6: StU-ThE KiD (8938)
Seat 7: Breizhrio (11572)
*** ANTE/BLINDS ***
cosinussinus posts ante 100
APK-Spound posts ante 100
Sir.2river posts ante 100
hamix posts ante 100
manggy94 posts ante 100
StU-ThE KiD posts ante 100
Breizhrio posts ante 100
cosinussinus posts small blind 500
APK-Spound posts big blind 1000
Dealt to manggy94 [Jd 4c]
*** PRE-FLOP *** 
StU-ThE KiD folds
Breizhrio folds
Sir.2river folds
hamix raises 6140 to 7140 and is all-in
manggy94 folds
cosinussinus folds
APK-Spound folds
hamix collected 9340 from pot
*** SUMMARY ***
Total pot 9340 | No rake
Seat 2: hamix won 9340


Winamax Poker - Tournament "Qualif. Ticket 5€" buyIn: 0.90€ + 0.10€ level: 17 - HandId: #688897202201821185-96-1465928545 - Holdem no limit (135/600/1200) - 2016/06/14 18:22:25 UTC
Table: 'Qualif. Ticket 5€(160396379)#000' 8-max (real money) Seat #6 is the button
Seat 1: Sir.2river (8319)
Seat 2: hamix (9105)
Seat 3: manggy94 (4940)
Seat 4: cosinussinus (14645)
Seat 5: APK-Spound (2252)
Seat 6: StU-ThE KiD (7003)
Seat 7: Breizhrio (24019)
*** ANTE/BLINDS ***
Breizhrio posts ante 135
Sir.2river posts ante 135
hamix posts ante 135
manggy94 posts ante 135
cosinussinus posts ante 135
APK-Spound posts ante 135
StU-ThE KiD posts ante 135
Breizhrio posts small blind 600
Sir.2river posts big blind 1200
Dealt to manggy94 [7s 6h]
*** PRE-FLOP *** 
hamix calls 1200
manggy94 folds
cosinussinus folds
APK-Spound raises 917 to 2117 and is all-in
StU-ThE KiD folds
Breizhrio calls 1517
Sir.2river folds
hamix calls 917
*** FLOP *** [8c 7d 5s]
Breizhrio checks
hamix checks
*** TURN *** [8c 7d 5s][4d]
Breizhrio checks
hamix checks
*** RIVER *** [8c 7d 5s 4d][9c]
Breizhrio checks
hamix checks
*** SHOW DOWN ***
hamix shows [Kc Qh] (High card : King)
APK-Spound shows [Jd Ks] (High card : King)
Breizhrio shows [2h Ah] (High card : Ace)
Breizhrio collected 8496 from pot
*** SUMMARY ***
Total pot 8496 | No rake
Board: [8c 7d 5s 4d 9c]
Seat 2: hamix showed [Kc Qh] and lost with High card : King
Seat 5: APK-Spound showed [Jd Ks] and lost with High card : King
Seat 7: Breizhrio (small blind) showed [2h Ah] and won 8496 with High card : Ace


Winamax Poker - Tournament "Qualif. Ticket 5€" buyIn: 0.90€ + 0.10€ level: 17 - HandId: #688897202201821185-97-1465928613 - Holdem no limit (135/600/1200) - 2016/06/14 18:23:33 UTC
Table: 'Qualif. Ticket 5€(160396379)#000' 8-max (real money) Seat #7 is the button
Seat 1: Sir.2river (6984)
Seat 2: hamix (6853)
Seat 3: manggy94 (4805)
Seat 4: cosinussinus (14510)
Seat 6: StU-ThE KiD (6868)
Seat 7: Breizhrio (30263)
*** ANTE/BLINDS ***
Sir.2river posts ante 135
hamix posts ante 135
manggy94 posts ante 135
cosinussinus posts ante 135
StU-ThE KiD posts ante 135
Breizhrio posts ante 135
Sir.2river posts small blind 600
hamix posts big blind 1200
Dealt to manggy94 [Jd Qs]
*** PRE-FLOP *** 
manggy94 folds
cosinussinus folds
StU-ThE KiD folds
Breizhrio folds
Sir.2river folds
hamix collected 2610 from pot
*** SUMMARY ***
Total pot 2610 | No rake
Seat 2: hamix (big blind) won 2610


Winamax Poker - Tournament "Qualif. Ticket 5€" buyIn: 0.90€ + 0.10€ level: 17 - HandId: #688897202201821185-98-1465928685 - Holdem no limit (135/600/1200) - 2016/06/14 18:24:45 UTC
Table: 'Qualif. Ticket 5€(160396379)#000' 8-max (real money) Seat #1 is the button
Seat 1: Sir.2river (6249)
Seat 2: hamix (8128)
Seat 3: manggy94 (4670)
Seat 4: cosinussinus (14375)
Seat 6: StU-ThE KiD (6733)
Seat 7: Breizhrio (30128)
*** ANTE/BLINDS ***
hamix posts ante 135
manggy94 posts ante 135
Sir.2river posts ante 135
cosinussinus posts ante 135
StU-ThE KiD posts ante 135
Breizhrio posts ante 135
hamix posts small blind 600
manggy94 posts big blind 1200
Dealt to manggy94 [Th Ts]
*** PRE-FLOP *** 
cosinussinus folds
StU-ThE KiD folds
Breizhrio raises 1200 to 2400
Sir.2river folds
hamix folds
manggy94 raises 2135 to 4535 and is all-in
Breizhrio calls 2135
*** FLOP *** [4h 6d 7c]
*** TURN *** [4h 6d 7c][Kd]
*** RIVER *** [4h 6d 7c Kd][As]
*** SHOW DOWN ***
Breizhrio shows [4s Qd] (One pair : 4)
manggy94 shows [Th Ts] (One pair : Tens)
manggy94 collected 10480 from pot
*** SUMMARY ***
Total pot 10480 | No rake
Board: [4h 6d 7c Kd As]
Seat 3: manggy94 (big blind) showed [Th Ts] and won 10480 with One pair : Tens
Seat 7: Breizhrio showed [4s Qd] and lost with One pair : 4


Winamax Poker - Tournament "Qualif. Ticket 5€" buyIn: 0.90€ + 0.10€ level: 17 - HandId: #688897202201821185-99-1465928736 - Holdem no limit (135/600/1200) - 2016/06/14 18:25:36 UTC
Table: 'Qualif. Ticket 5€(160396379)#000' 8-max (real money) Seat #2 is the button
Seat 1: Sir.2river (6114)
Seat 2: hamix (7393)
Seat 3: manggy94 (10480)
Seat 4: cosinussinus (14240)
Seat 6: StU-ThE KiD (6598)
Seat 7: Breizhrio (25458)
*** ANTE/BLINDS ***
manggy94 posts ante 135
cosinussinus posts ante 135
Sir.2river posts ante 135
hamix posts ante 135
StU-ThE KiD posts ante 135
Breizhrio posts ante 135
manggy94 posts small blind 600
cosinussinus posts big blind 1200
Dealt to manggy94 [8h Jc]
*** PRE-FLOP *** 
StU-ThE KiD folds
Breizhrio folds
Sir.2river folds
hamix calls 1200
manggy94 folds
cosinussinus checks
*** FLOP *** [5s Jh 9c]
cosinussinus checks
hamix bets 6058 and is all-in
cosinussinus folds
hamix shows [Ah 7h] (High card : Ace)
hamix collected 9868 from pot
*** SUMMARY ***
Total pot 9868 | No rake
Board: [5s Jh 9c]
Seat 2: hamix (button) showed [Ah 7h] and won 9868 with High card : Ace


Winamax Poker - Tournament "Qualif. Ticket 5€" buyIn: 0.90€ + 0.10€ level: 17 - HandId: #688897202201821185-100-1465928814 - Holdem no limit (135/600/1200) - 2016/06/14 18:26:54 UTC
Table: 'Qualif. Ticket 5€(160396379)#000' 8-max (real money) Seat #3 is the button
Seat 1: Sir.2river (5979)
Seat 2: hamix (9868)
Seat 3: manggy94 (9745)
Seat 4: cosinussinus (12905)
Seat 6: StU-ThE KiD (6463)
Seat 7: Breizhrio (25323)
*** ANTE/BLINDS ***
cosinussinus posts ante 135
StU-ThE KiD posts ante 135
Sir.2river posts ante 135
hamix posts ante 135
manggy94 posts ante 135
Breizhrio posts ante 135
cosinussinus posts small blind 600
StU-ThE KiD posts big blind 1200
Dealt to manggy94 [Qc Jd]
*** PRE-FLOP *** 
Breizhrio raises 1200 to 2400
Sir.2river folds
hamix folds
manggy94 folds
cosinussinus folds
StU-ThE KiD folds
Breizhrio collected 5010 from pot
*** SUMMARY ***
Total pot 5010 | No rake
Seat 7: Breizhrio won 5010


Winamax Poker - Tournament "Qualif. Ticket 5€" buyIn: 0.90€ + 0.10€ level: 18 - HandId: #688897202201821185-101-1465928886 - Holdem no limit (160/800/1600) - 2016/06/14 18:28:06 UTC
Table: 'Qualif. Ticket 5€(160396379)#000' 8-max (real money) Seat #4 is the button
Seat 1: Sir.2river (5844)
Seat 2: hamix (9733)
Seat 3: manggy94 (9610)
Seat 4: cosinussinus (12170)
Seat 6: StU-ThE KiD (5128)
Seat 7: Breizhrio (27798)
*** ANTE/BLINDS ***
StU-ThE KiD posts ante 160
Breizhrio posts ante 160
Sir.2river posts ante 160
hamix posts ante 160
manggy94 posts ante 160
cosinussinus posts ante 160
StU-ThE KiD posts small blind 800
Breizhrio posts big blind 1600
Dealt to manggy94 [7h 4c]
*** PRE-FLOP *** 
Sir.2river folds
hamix folds
manggy94 folds
cosinussinus folds
StU-ThE KiD folds
Breizhrio collected 3360 from pot
*** SUMMARY ***
Total pot 3360 | No rake
Seat 7: Breizhrio (big blind) won 3360


Winamax Poker - Tournament "Qualif. Ticket 5€" buyIn: 0.90€ + 0.10€ level: 18 - HandId: #688897202201821185-102-1465928988 - Holdem no limit (160/800/1600) - 2016/06/14 18:29:48 UTC
Table: 'Qualif. Ticket 5€(160396379)#000' 8-max (real money) Seat #6 is the button
Seat 1: Sir.2river (5684)
Seat 2: hamix (9573)
Seat 3: manggy94 (9450)
Seat 4: cosinussinus (12010)
Seat 6: StU-ThE KiD (4168)
Seat 7: Breizhrio (29398)
*** ANTE/BLINDS ***
Breizhrio posts ante 160
Sir.2river posts ante 160
hamix posts ante 160
manggy94 posts ante 160
cosinussinus posts ante 160
StU-ThE KiD posts ante 160
Breizhrio posts small blind 800
Sir.2river posts big blind 1600
Dealt to manggy94 [3d 3c]
*** PRE-FLOP *** 
hamix folds
manggy94 raises 1600 to 3200
cosinussinus folds
StU-ThE KiD folds
Breizhrio folds
Sir.2river folds
manggy94 collected 6560 from pot
*** SUMMARY ***
Total pot 6560 | No rake
Seat 3: manggy94 won 6560


Winamax Poker - Tournament "Qualif. Ticket 5€" buyIn: 0.90€ + 0.10€ level: 18 - HandId: #688897202201821185-103-1465929041 - Holdem no limit (160/800/1600) - 2016/06/14 18:30:41 UTC
Table: 'Qualif. Ticket 5€(160396379)#000' 8-max (real money) Seat #7 is the button
Seat 1: Sir.2river (3924)
Seat 2: hamix (9413)
Seat 3: manggy94 (12650)
Seat 4: cosinussinus (11850)
Seat 6: StU-ThE KiD (4008)
Seat 7: Breizhrio (28438)
*** ANTE/BLINDS ***
Sir.2river posts ante 160
hamix posts ante 160
manggy94 posts ante 160
cosinussinus posts ante 160
StU-ThE KiD posts ante 160
Breizhrio posts ante 160
Sir.2river posts small blind 800
hamix posts big blind 1600
Dealt to manggy94 [Th 5d]
*** PRE-FLOP *** 
manggy94 folds
cosinussinus folds
StU-ThE KiD folds
Breizhrio folds
Sir.2river folds
hamix collected 3360 from pot
*** SUMMARY ***
Total pot 3360 | No rake
Seat 2: hamix (big blind) won 3360


Winamax Poker - Tournament "Qualif. Ticket 5€" buyIn: 0.90€ + 0.10€ level: 18 - HandId: #688897202201821185-104-1465929112 - Holdem no limit (160/800/1600) - 2016/06/14 18:31:52 UTC
Table: 'Qualif. Ticket 5€(160396379)#000' 8-max (real money) Seat #1 is the button
Seat 1: Sir.2river (2964)
Seat 2: hamix (11013)
Seat 3: manggy94 (12490)
Seat 4: cosinussinus (11690)
Seat 6: StU-ThE KiD (3848)
Seat 7: Breizhrio (28278)
*** ANTE/BLINDS ***
hamix posts ante 160
manggy94 posts ante 160
Sir.2river posts ante 160
cosinussinus posts ante 160
StU-ThE KiD posts ante 160
Breizhrio posts ante 160
hamix posts small blind 800
manggy94 posts big blind 1600
Dealt to manggy94 [Jc 3c]
*** PRE-FLOP *** 
cosinussinus folds
StU-ThE KiD folds
Breizhrio raises 26518 to 28118 and is all-in
Sir.2river folds
hamix folds
manggy94 folds
Breizhrio collected 31478 from pot
*** SUMMARY ***
Total pot 31478 | No rake
Seat 7: Breizhrio won 31478


Winamax Poker - Tournament "Qualif. Ticket 5€" buyIn: 0.90€ + 0.10€ level: 18 - HandId: #688897202201821185-105-1465929178 - Holdem no limit (160/800/1600) - 2016/06/14 18:32:58 UTC
Table: 'Qualif. Ticket 5€(160396379)#000' 8-max (real money) Seat #2 is the button
Seat 1: Sir.2river (2804)
Seat 2: hamix (10053)
Seat 3: manggy94 (10730)
Seat 4: cosinussinus (11530)
Seat 6: StU-ThE KiD (3688)
Seat 7: Breizhrio (31478)
*** ANTE/BLINDS ***
manggy94 posts ante 160
cosinussinus posts ante 160
Sir.2river posts ante 160
hamix posts ante 160
StU-ThE KiD posts ante 160
Breizhrio posts ante 160
manggy94 posts small blind 800
cosinussinus posts big blind 1600
Dealt to manggy94 [8h Ah]
*** PRE-FLOP *** 
StU-ThE KiD folds
Breizhrio folds
Sir.2river raises 1044 to 2644 and is all-in
hamix folds
manggy94 calls 1844
cosinussinus folds
*** FLOP *** [Ts Ad Kd]
*** TURN *** [Ts Ad Kd][3d]
*** RIVER *** [Ts Ad Kd 3d][As]
*** SHOW DOWN ***
manggy94 shows [8h Ah] (Trips of Aces)
Sir.2river shows [7d 6d] (Flush Ace high)
Sir.2river collected 7848 from pot
*** SUMMARY ***
Total pot 7848 | No rake
Board: [Ts Ad Kd 3d As]
Seat 1: Sir.2river showed [7d 6d] and won 7848 with Flush Ace high
Seat 3: manggy94 (small blind) showed [8h Ah] and lost with Trips of Aces


Winamax Poker - Tournament "Qualif. Ticket 5€" buyIn: 0.90€ + 0.10€ level: 19 - HandId: #688897202201821185-106-1465929229 - Holdem no limit (200/1000/2000) - 2016/06/14 18:33:49 UTC
Table: 'Qualif. Ticket 5€(160396379)#000' 8-max (real money) Seat #3 is the button
Seat 1: Sir.2river (7848)
Seat 2: hamix (9893)
Seat 3: manggy94 (7926)
Seat 4: cosinussinus (9770)
Seat 6: StU-ThE KiD (3528)
Seat 7: Breizhrio (31318)
*** ANTE/BLINDS ***
cosinussinus posts ante 200
StU-ThE KiD posts ante 200
Sir.2river posts ante 200
hamix posts ante 200
manggy94 posts ante 200
Breizhrio posts ante 200
cosinussinus posts small blind 1000
StU-ThE KiD posts big blind 2000
Dealt to manggy94 [3s 9s]
*** PRE-FLOP *** 
Breizhrio raises 2000 to 4000
Sir.2river folds
hamix folds
manggy94 folds
cosinussinus folds
StU-ThE KiD folds
Breizhrio collected 8200 from pot
*** SUMMARY ***
Total pot 8200 | No rake
Seat 7: Breizhrio won 8200


Winamax Poker - Tournament "Qualif. Ticket 5€" buyIn: 0.90€ + 0.10€ level: 19 - HandId: #688897202201821185-107-1465929277 - Holdem no limit (200/1000/2000) - 2016/06/14 18:34:37 UTC
Table: 'Qualif. Ticket 5€(160396379)#000' 8-max (real money) Seat #4 is the button
Seat 1: Sir.2river (7648)
Seat 2: hamix (9693)
Seat 3: manggy94 (7726)
Seat 4: cosinussinus (8570)
Seat 6: StU-ThE KiD (1328)
Seat 7: Breizhrio (35318)
*** ANTE/BLINDS ***
StU-ThE KiD posts ante 200
Breizhrio posts ante 200
Sir.2river posts ante 200
hamix posts ante 200
manggy94 posts ante 200
cosinussinus posts ante 200
StU-ThE KiD posts small blind 1000
Breizhrio posts big blind 2000
Dealt to manggy94 [2c 4h]
*** PRE-FLOP *** 
Sir.2river calls 2000
hamix folds
manggy94 folds
cosinussinus folds
StU-ThE KiD folds
Breizhrio checks
*** FLOP *** [9s 3s 5d]
Breizhrio bets 3100
Sir.2river folds
Breizhrio collected 9300 from pot
*** SUMMARY ***
Total pot 9300 | No rake
Board: [9s 3s 5d]
Seat 7: Breizhrio (big blind) won 9300


Winamax Poker - Tournament "Qualif. Ticket 5€" buyIn: 0.90€ + 0.10€ level: 19 - HandId: #688897202201821185-108-1465929318 - Holdem no limit (200/1000/2000) - 2016/06/14 18:35:18 UTC
Table: 'Qualif. Ticket 5€(160396379)#000' 8-max (real money) Seat #6 is the button
Seat 1: Sir.2river (5448)
Seat 2: hamix (9493)
Seat 3: manggy94 (7526)
Seat 4: cosinussinus (8370)
Seat 6: StU-ThE KiD (128)
Seat 7: Breizhrio (39318)
*** ANTE/BLINDS ***
Breizhrio posts ante 200
Sir.2river posts ante 200
hamix posts ante 200
manggy94 posts ante 200
cosinussinus posts ante 200
StU-ThE KiD posts ante 128 and is all-in
Breizhrio posts small blind 1000
Sir.2river posts big blind 2000
Dealt to manggy94 [8h Th]
*** PRE-FLOP *** 
hamix folds
manggy94 folds
cosinussinus calls 2000
Breizhrio calls 1000
Sir.2river checks
*** FLOP *** [8d 7c Tc]
Breizhrio bets 2000
Sir.2river folds
cosinussinus calls 2000
*** TURN *** [8d 7c Tc][5s]
Breizhrio bets 7419
cosinussinus folds
*** RIVER *** [8d 7c Tc 5s][9s]
*** SHOW DOWN ***
StU-ThE KiD shows [5c 7d] (Two pairs : 7 and 5)
Breizhrio shows [Td Jc] (Straight Jack high)
Breizhrio collected 18547 from pot
*** SUMMARY ***
Total pot 18547 | No rake
Board: [8d 7c Tc 5s 9s]
Seat 6: StU-ThE KiD (button) showed [5c 7d] and lost with Two pairs : 7 and 5
Seat 7: Breizhrio (small blind) showed [Td Jc] and won 18547 with Straight Jack high


