Winamax Poker - Tournament "Hold'em" buyIn: 4,50€ + 0,50€ level: 1 - HandId: #675140988888416263-10-1462987172 - Holdem no limit (50/100) - 2016/05/11 17:19:32 UTC
Table: 'Hold'em(157193511)#006' 6-max (real money) Seat #1 is the button
Seat 1: manggy94 (10000)
Seat 2: FeedMorePlzz (7529)
Seat 3: zakabdel (10200)
Seat 4: patri34 (12900)
Seat 5: drouilla (9496)
Seat 6: Bakayoko5780 (10000)
*** ANTE/BLINDS ***
FeedMorePlzz posts small blind 50
zakabdel posts big blind 100
*** PRE-FLOP *** 
patri34 calls 100
drouilla calls 100
Bakayoko5780 raises 9900 to 10000 and is all-in
FeedMorePlzz folds
zakabdel folds
patri34 calls 9900
drouilla calls 9396 and is all-in
*** FLOP *** [Qd Ac Jh]
*** TURN *** [Qd Ac Jh][3d]
*** RIVER *** [Qd Ac Jh 3d][8s]
*** SHOW DOWN ***
patri34 shows [Th Tc] (One pair : Tens)
drouilla shows [6h 6c] (One pair : 6)
Bakayoko5780 shows [Ks Ah] (One pair : Aces)
Bakayoko5780 collected 29646 from pot
*** SUMMARY ***
Total pot 29646 | No rake
Board: [Qd Ac Jh 3d 8s]
Seat 4: patri34 showed [Th Tc] and lost with One pair : Tens
Seat 5: drouilla showed [6h 6c] and lost with One pair : 6
Seat 6: Bakayoko5780 showed [Ks Ah] and won 29646 with One pair : Aces


Winamax Poker - Tournament "Hold'em" buyIn: 4,50€ + 0,50€ level: 1 - HandId: #675140988888416263-11-1462987201 - Holdem no limit (50/100) - 2016/05/11 17:20:01 UTC
Table: 'Hold'em(157193511)#006' 6-max (real money) Seat #2 is the button
Seat 1: manggy94 (10000)
Seat 2: FeedMorePlzz (7479)
Seat 3: zakabdel (10100)
Seat 4: patri34 (2900)
Seat 6: Bakayoko5780 (29646)
*** ANTE/BLINDS ***
zakabdel posts small blind 50
patri34 posts big blind 100
Dealt to manggy94 [Ad 7s]
*** PRE-FLOP *** 
Bakayoko5780 folds
manggy94 raises 200 to 300
FeedMorePlzz folds
zakabdel folds
patri34 raises 2600 to 2900 and is all-in
manggy94 calls 2600
*** FLOP *** [9h 5c Jc]
*** TURN *** [9h 5c Jc][6h]
*** RIVER *** [9h 5c Jc 6h][Qs]
*** SHOW DOWN ***
manggy94 shows [Ad 7s] (High card : Ace)
patri34 shows [5s 5h] (Trips of 5)
patri34 collected 5850 from pot
*** SUMMARY ***
Total pot 5850 | No rake
Board: [9h 5c Jc 6h Qs]
Seat 1: manggy94 showed [Ad 7s] and lost with High card : Ace
Seat 4: patri34 (big blind) showed [5s 5h] and won 5850 with Trips of 5


Winamax Poker - Tournament "Hold'em" buyIn: 4,50€ + 0,50€ level: 1 - HandId: #675140988888416263-12-1462987232 - Holdem no limit (50/100) - 2016/05/11 17:20:32 UTC
Table: 'Hold'em(157193511)#006' 6-max (real money) Seat #3 is the button
Seat 1: manggy94 (7100)
Seat 2: FeedMorePlzz (7479)
Seat 3: zakabdel (10050)
Seat 4: patri34 (5850)
Seat 5: BraKeTTe (10000)
Seat 6: Bakayoko5780 (29646)
*** ANTE/BLINDS ***
patri34 posts small blind 50
BraKeTTe posts big blind 100
Dealt to manggy94 [As Qs]
*** PRE-FLOP *** 
Bakayoko5780 folds
manggy94 raises 2200 to 2300
FeedMorePlzz folds
zakabdel folds
patri34 folds
BraKeTTe folds
manggy94 collected 2450 from pot
*** SUMMARY ***
Total pot 2450 | No rake
Seat 1: manggy94 won 2450


Winamax Poker - Tournament "Hold'em" buyIn: 4,50€ + 0,50€ level: 2 - HandId: #675140988888416263-13-1462987278 - Holdem no limit (75/150) - 2016/05/11 17:21:18 UTC
Table: 'Hold'em(157193511)#006' 6-max (real money) Seat #4 is the button
Seat 1: manggy94 (7250)
Seat 2: FeedMorePlzz (7479)
Seat 3: zakabdel (10050)
Seat 4: patri34 (5800)
Seat 6: Bakayoko5780 (29646)
*** ANTE/BLINDS ***
Bakayoko5780 posts big blind 150
Dealt to manggy94 [Jc 3s]
*** PRE-FLOP *** 
manggy94 folds
FeedMorePlzz folds
zakabdel folds
patri34 folds
Bakayoko5780 collected 150 from pot
*** SUMMARY ***
Total pot 150 | No rake
Seat 6: Bakayoko5780 (big blind) won 150


Winamax Poker - Tournament "Hold'em" buyIn: 4,50€ + 0,50€ level: 2 - HandId: #675140988888416263-14-1462987303 - Holdem no limit (75/150) - 2016/05/11 17:21:43 UTC
Table: 'Hold'em(157193511)#006' 6-max (real money) Seat #5 is the button
Seat 1: manggy94 (7250)
Seat 2: FeedMorePlzz (7479)
Seat 3: zakabdel (10050)
Seat 4: patri34 (5800)
Seat 6: Bakayoko5780 (29646)
*** ANTE/BLINDS ***
Bakayoko5780 posts small blind 75
manggy94 posts big blind 150
Dealt to manggy94 [8c 6s]
*** PRE-FLOP *** 
FeedMorePlzz folds
zakabdel folds
patri34 folds
Bakayoko5780 calls 75
manggy94 checks
*** FLOP *** [6h 6d 7d]
Bakayoko5780 bets 150
manggy94 calls 150
*** TURN *** [6h 6d 7d][Qs]
Bakayoko5780 checks
manggy94 bets 400
Bakayoko5780 folds
manggy94 collected 1000 from pot
*** SUMMARY ***
Total pot 1000 | No rake
Board: [6h 6d 7d Qs]
Seat 1: manggy94 (big blind) won 1000


Winamax Poker - Tournament "Hold'em" buyIn: 4,50€ + 0,50€ level: 2 - HandId: #675140988888416263-15-1462987353 - Holdem no limit (75/150) - 2016/05/11 17:22:33 UTC
Table: 'Hold'em(157193511)#006' 6-max (real money) Seat #6 is the button
Seat 1: manggy94 (7550)
Seat 2: FeedMorePlzz (7479)
Seat 3: zakabdel (10050)
Seat 4: patri34 (5800)
Seat 5: therun11 (10000)
Seat 6: Bakayoko5780 (29346)
*** ANTE/BLINDS ***
manggy94 posts small blind 75
FeedMorePlzz posts big blind 150
Dealt to manggy94 [8d 7h]
*** PRE-FLOP *** 
zakabdel folds
patri34 folds
therun11 folds
Bakayoko5780 raises 29196 to 29346 and is all-in
manggy94 folds
FeedMorePlzz folds
Bakayoko5780 collected 29571 from pot
*** SUMMARY ***
Total pot 29571 | No rake
Seat 6: Bakayoko5780 (button) won 29571


Winamax Poker - Tournament "Hold'em" buyIn: 4,50€ + 0,50€ level: 2 - HandId: #675140988888416263-16-1462987397 - Holdem no limit (75/150) - 2016/05/11 17:23:17 UTC
Table: 'Hold'em(157193511)#006' 6-max (real money) Seat #1 is the button
Seat 1: manggy94 (7475)
Seat 2: FeedMorePlzz (7329)
Seat 3: zakabdel (10050)
Seat 4: patri34 (5800)
Seat 5: therun11 (10000)
Seat 6: Bakayoko5780 (29571)
*** ANTE/BLINDS ***
FeedMorePlzz posts small blind 75
zakabdel posts big blind 150
Dealt to manggy94 [6d As]
*** PRE-FLOP *** 
patri34 folds
therun11 calls 150
Bakayoko5780 calls 150
manggy94 calls 150
FeedMorePlzz calls 75
zakabdel checks
*** FLOP *** [4d 5d 5c]
FeedMorePlzz checks
zakabdel checks
therun11 checks
Bakayoko5780 checks
manggy94 checks
*** TURN *** [4d 5d 5c][Ac]
FeedMorePlzz checks
zakabdel checks
therun11 checks
Bakayoko5780 bets 150
manggy94 calls 150
FeedMorePlzz folds
zakabdel calls 150
therun11 calls 150
*** RIVER *** [4d 5d 5c Ac][2s]
zakabdel bets 1350
therun11 raises 1350 to 2700
Bakayoko5780 raises 1350 to 4050
manggy94 folds
zakabdel folds
therun11 raises 5650 to 9700 and is all-in
Bakayoko5780 raises 5650 to 15350
*** SHOW DOWN ***
therun11 shows [2c 2d] (Full of 2 and 5)
Bakayoko5780 shows [4h 4s] (Full of 4 and 5)
Bakayoko5780 collected 27750 from pot
*** SUMMARY ***
Total pot 27750 | No rake
Board: [4d 5d 5c Ac 2s]
Seat 5: therun11 showed [2c 2d] and lost with Full of 2 and 5
Seat 6: Bakayoko5780 showed [4h 4s] and won 27750 with Full of 4 and 5


Winamax Poker - Tournament "Hold'em" buyIn: 4,50€ + 0,50€ level: 3 - HandId: #675140988888416263-17-1462987532 - Holdem no limit (100/200) - 2016/05/11 17:25:32 UTC
Table: 'Hold'em(157193511)#006' 6-max (real money) Seat #2 is the button
Seat 1: manggy94 (7175)
Seat 2: FeedMorePlzz (7179)
Seat 3: zakabdel (8400)
Seat 4: patri34 (5800)
Seat 6: Bakayoko5780 (41671)
*** ANTE/BLINDS ***
zakabdel posts small blind 100
patri34 posts big blind 200
Dealt to manggy94 [Qc 2c]
*** PRE-FLOP *** 
Bakayoko5780 folds
manggy94 calls 200
FeedMorePlzz folds
zakabdel calls 100
patri34 raises 5600 to 5800 and is all-in
manggy94 folds
zakabdel folds
patri34 collected 6200 from pot
*** SUMMARY ***
Total pot 6200 | No rake
Seat 4: patri34 (big blind) won 6200


Winamax Poker - Tournament "Hold'em" buyIn: 4,50€ + 0,50€ level: 3 - HandId: #675140988888416263-18-1462987556 - Holdem no limit (100/200) - 2016/05/11 17:25:56 UTC
Table: 'Hold'em(157193511)#006' 6-max (real money) Seat #3 is the button
Seat 1: manggy94 (6975)
Seat 2: FeedMorePlzz (7179)
Seat 3: zakabdel (8200)
Seat 4: patri34 (6200)
Seat 6: Bakayoko5780 (41671)
*** ANTE/BLINDS ***
patri34 posts small blind 100
Bakayoko5780 posts big blind 200
Dealt to manggy94 [2c Tc]
*** PRE-FLOP *** 
manggy94 folds
FeedMorePlzz folds
zakabdel calls 200
patri34 folds
Bakayoko5780 checks
*** FLOP *** [Kh 7d 4c]
Bakayoko5780 bets 200
zakabdel calls 200
*** TURN *** [Kh 7d 4c][6s]
Bakayoko5780 bets 200
zakabdel calls 200
*** RIVER *** [Kh 7d 4c 6s][2d]
Bakayoko5780 bets 200
zakabdel calls 200
*** SHOW DOWN ***
zakabdel shows [Jh 6h] (One pair : 6)
Bakayoko5780 shows [Qs Qc] (One pair : Queens)
Bakayoko5780 collected 1700 from pot
*** SUMMARY ***
Total pot 1700 | No rake
Board: [Kh 7d 4c 6s 2d]
Seat 3: zakabdel (button) showed [Jh 6h] and lost with One pair : 6
Seat 6: Bakayoko5780 (big blind) showed [Qs Qc] and won 1700 with One pair : Queens


Winamax Poker - Tournament "Hold'em" buyIn: 4,50€ + 0,50€ level: 3 - HandId: #675140988888416263-19-1462987584 - Holdem no limit (100/200) - 2016/05/11 17:26:24 UTC
Table: 'Hold'em(157193511)#006' 6-max (real money) Seat #4 is the button
Seat 1: manggy94 (6975)
Seat 2: FeedMorePlzz (7179)
Seat 3: zakabdel (7400)
Seat 4: patri34 (6100)
Seat 6: Bakayoko5780 (42571)
*** ANTE/BLINDS ***
Bakayoko5780 posts small blind 100
manggy94 posts big blind 200
Dealt to manggy94 [Th 4d]
*** PRE-FLOP *** 
FeedMorePlzz folds
zakabdel calls 200
patri34 folds
Bakayoko5780 calls 100
manggy94 checks
*** FLOP *** [Js Jd Ac]
Bakayoko5780 checks
manggy94 checks
zakabdel checks
*** TURN *** [Js Jd Ac][4c]
Bakayoko5780 checks
manggy94 checks
zakabdel checks
*** RIVER *** [Js Jd Ac 4c][Jh]
Bakayoko5780 folds
manggy94 bets 600
zakabdel folds
manggy94 collected 1200 from pot
*** SUMMARY ***
Total pot 1200 | No rake
Board: [Js Jd Ac 4c Jh]
Seat 1: manggy94 (big blind) won 1200


Winamax Poker - Tournament "Hold'em" buyIn: 4,50€ + 0,50€ level: 4 - HandId: #675140988888416263-20-1462987641 - Holdem no limit (150/300) - 2016/05/11 17:27:21 UTC
Table: 'Hold'em(157193511)#006' 6-max (real money) Seat #6 is the button
Seat 1: manggy94 (7375)
Seat 2: FeedMorePlzz (7179)
Seat 3: zakabdel (7200)
Seat 4: patri34 (6100)
Seat 6: Bakayoko5780 (42371)
*** ANTE/BLINDS ***
manggy94 posts small blind 150
FeedMorePlzz posts big blind 300
Dealt to manggy94 [Js 2d]
*** PRE-FLOP *** 
zakabdel folds
patri34 folds
Bakayoko5780 folds
manggy94 raises 600 to 900
FeedMorePlzz folds
manggy94 collected 1200 from pot
*** SUMMARY ***
Total pot 1200 | No rake
Seat 1: manggy94 (small blind) won 1200


Winamax Poker - Tournament "Hold'em" buyIn: 4,50€ + 0,50€ level: 4 - HandId: #675140988888416263-21-1462987658 - Holdem no limit (150/300) - 2016/05/11 17:27:38 UTC
Table: 'Hold'em(157193511)#006' 6-max (real money) Seat #1 is the button
Seat 1: manggy94 (7675)
Seat 2: FeedMorePlzz (6879)
Seat 3: zakabdel (7200)
Seat 4: patri34 (6100)
Seat 6: Bakayoko5780 (42371)
*** ANTE/BLINDS ***
FeedMorePlzz posts small blind 150
zakabdel posts big blind 300
Dealt to manggy94 [Ks Ah]
*** PRE-FLOP *** 
patri34 folds
Bakayoko5780 folds
manggy94 raises 750 to 1050
FeedMorePlzz folds
zakabdel folds
manggy94 collected 1500 from pot
*** SUMMARY ***
Total pot 1500 | No rake
Seat 1: manggy94 (button) won 1500


Winamax Poker - Tournament "Hold'em" buyIn: 4,50€ + 0,50€ level: 4 - HandId: #675140988888416263-22-1462987680 - Holdem no limit (150/300) - 2016/05/11 17:28:00 UTC
Table: 'Hold'em(157193511)#006' 6-max (real money) Seat #2 is the button
Seat 1: manggy94 (8125)
Seat 2: FeedMorePlzz (6729)
Seat 3: zakabdel (6900)
Seat 4: patri34 (6100)
Seat 5: coco8888 (10000)
Seat 6: Bakayoko5780 (42371)
*** ANTE/BLINDS ***
zakabdel posts small blind 150
patri34 posts big blind 300
Dealt to manggy94 [9c Tc]
*** PRE-FLOP *** 
coco8888 calls 300
Bakayoko5780 folds
manggy94 calls 300
FeedMorePlzz folds
zakabdel calls 150
patri34 checks
*** FLOP *** [Th Ad 2c]
zakabdel checks
patri34 checks
coco8888 checks
manggy94 checks
*** TURN *** [Th Ad 2c][8d]
zakabdel checks
patri34 checks
coco8888 checks
manggy94 checks
*** RIVER *** [Th Ad 2c 8d][Js]
zakabdel checks
patri34 checks
coco8888 bets 300
manggy94 folds
zakabdel folds
patri34 folds
coco8888 collected 1500 from pot
*** SUMMARY ***
Total pot 1500 | No rake
Board: [Th Ad 2c 8d Js]
Seat 5: coco8888 won 1500


Winamax Poker - Tournament "Hold'em" buyIn: 4,50€ + 0,50€ level: 4 - HandId: #675140988888416263-23-1462987778 - Holdem no limit (150/300) - 2016/05/11 17:29:38 UTC
Table: 'Hold'em(157193511)#006' 6-max (real money) Seat #3 is the button
Seat 1: manggy94 (7825)
Seat 2: FeedMorePlzz (6729)
Seat 3: zakabdel (6600)
Seat 4: patri34 (5800)
Seat 5: coco8888 (10900)
Seat 6: Bakayoko5780 (42371)
*** ANTE/BLINDS ***
patri34 posts small blind 150
coco8888 posts big blind 300
Dealt to manggy94 [4s 6d]
*** PRE-FLOP *** 
Bakayoko5780 folds
manggy94 folds
FeedMorePlzz raises 300 to 600
zakabdel folds
patri34 folds
coco8888 folds
FeedMorePlzz collected 1050 from pot
*** SUMMARY ***
Total pot 1050 | No rake
Seat 2: FeedMorePlzz won 1050


Winamax Poker - Tournament "Hold'em" buyIn: 4,50€ + 0,50€ level: 5 - HandId: #675140988888416263-24-1462987815 - Holdem no limit (25/150/300) - 2016/05/11 17:30:15 UTC
Table: 'Hold'em(157193511)#006' 6-max (real money) Seat #4 is the button
Seat 1: manggy94 (7825)
Seat 2: FeedMorePlzz (7179)
Seat 3: zakabdel (6600)
Seat 4: patri34 (5650)
Seat 5: coco8888 (10600)
Seat 6: Bakayoko5780 (42371)
*** ANTE/BLINDS ***
coco8888 posts ante 25
Bakayoko5780 posts ante 25
manggy94 posts ante 25
FeedMorePlzz posts ante 25
zakabdel posts ante 25
patri34 posts ante 25
coco8888 posts small blind 150
Bakayoko5780 posts big blind 300
Dealt to manggy94 [7d 5d]
*** PRE-FLOP *** 
manggy94 folds
FeedMorePlzz folds
zakabdel calls 300
patri34 folds
coco8888 raises 750 to 1050
Bakayoko5780 folds
zakabdel folds
coco8888 collected 1800 from pot
*** SUMMARY ***
Total pot 1800 | No rake
Seat 5: coco8888 (small blind) won 1800


Winamax Poker - Tournament "Hold'em" buyIn: 4,50€ + 0,50€ level: 5 - HandId: #675140988888416263-25-1462987842 - Holdem no limit (25/150/300) - 2016/05/11 17:30:42 UTC
Table: 'Hold'em(157193511)#006' 6-max (real money) Seat #5 is the button
Seat 1: manggy94 (7800)
Seat 2: FeedMorePlzz (7154)
Seat 3: zakabdel (6275)
Seat 4: patri34 (5625)
Seat 5: coco8888 (11325)
Seat 6: Bakayoko5780 (42046)
*** ANTE/BLINDS ***
Bakayoko5780 posts ante 25
manggy94 posts ante 25
FeedMorePlzz posts ante 25
zakabdel posts ante 25
patri34 posts ante 25
coco8888 posts ante 25
Bakayoko5780 posts small blind 150
manggy94 posts big blind 300
Dealt to manggy94 [Jc 8d]
*** PRE-FLOP *** 
FeedMorePlzz folds
zakabdel calls 300
patri34 folds
coco8888 folds
Bakayoko5780 calls 150
manggy94 checks
*** FLOP *** [9d Qd 3d]
Bakayoko5780 checks
manggy94 bets 700
zakabdel raises 5250 to 5950 and is all-in
Bakayoko5780 folds
manggy94 folds
zakabdel collected 7700 from pot
*** SUMMARY ***
Total pot 7700 | No rake
Board: [9d Qd 3d]
Seat 3: zakabdel won 7700


Winamax Poker - Tournament "Hold'em" buyIn: 4,50€ + 0,50€ level: 5 - HandId: #675140988888416263-26-1462987896 - Holdem no limit (25/150/300) - 2016/05/11 17:31:36 UTC
Table: 'Hold'em(157193511)#006' 6-max (real money) Seat #6 is the button
Seat 1: manggy94 (6775)
Seat 2: FeedMorePlzz (7129)
Seat 3: zakabdel (7700)
Seat 4: patri34 (5600)
Seat 5: coco8888 (11300)
Seat 6: Bakayoko5780 (41721)
*** ANTE/BLINDS ***
manggy94 posts ante 25
FeedMorePlzz posts ante 25
zakabdel posts ante 25
patri34 posts ante 25
coco8888 posts ante 25
Bakayoko5780 posts ante 25
manggy94 posts small blind 150
FeedMorePlzz posts big blind 300
Dealt to manggy94 [7h 4c]
*** PRE-FLOP *** 
zakabdel calls 300
patri34 folds
coco8888 calls 300
Bakayoko5780 folds
manggy94 folds
FeedMorePlzz checks
*** FLOP *** [Jc 2h 2c]
FeedMorePlzz checks
zakabdel bets 1200
coco8888 folds
FeedMorePlzz folds
zakabdel collected 2400 from pot
*** SUMMARY ***
Total pot 2400 | No rake
Board: [Jc 2h 2c]
Seat 3: zakabdel won 2400


Winamax Poker - Tournament "Hold'em" buyIn: 4,50€ + 0,50€ level: 5 - HandId: #675140988888416263-27-1462987942 - Holdem no limit (25/150/300) - 2016/05/11 17:32:22 UTC
Table: 'Hold'em(157193511)#006' 6-max (real money) Seat #1 is the button
Seat 1: manggy94 (6600)
Seat 2: FeedMorePlzz (6804)
Seat 3: zakabdel (8575)
Seat 4: patri34 (5575)
Seat 5: coco8888 (10975)
Seat 6: Bakayoko5780 (41696)
*** ANTE/BLINDS ***
FeedMorePlzz posts ante 25
zakabdel posts ante 25
manggy94 posts ante 25
patri34 posts ante 25
coco8888 posts ante 25
Bakayoko5780 posts ante 25
FeedMorePlzz posts small blind 150
zakabdel posts big blind 300
Dealt to manggy94 [3c 6c]
*** PRE-FLOP *** 
patri34 calls 300
coco8888 folds
Bakayoko5780 calls 300
manggy94 calls 300
FeedMorePlzz folds
zakabdel checks
*** FLOP *** [7s 2h 2d]
zakabdel checks
patri34 checks
Bakayoko5780 bets 300
manggy94 folds
zakabdel folds
patri34 folds
Bakayoko5780 collected 1800 from pot
*** SUMMARY ***
Total pot 1800 | No rake
Board: [7s 2h 2d]
Seat 6: Bakayoko5780 won 1800


Winamax Poker - Tournament "Hold'em" buyIn: 4,50€ + 0,50€ level: 6 - HandId: #675140988888416263-28-1462987991 - Holdem no limit (30/200/400) - 2016/05/11 17:33:11 UTC
Table: 'Hold'em(157193511)#006' 6-max (real money) Seat #2 is the button
Seat 1: manggy94 (6275)
Seat 2: FeedMorePlzz (6629)
Seat 3: zakabdel (8250)
Seat 4: patri34 (5250)
Seat 5: coco8888 (10950)
Seat 6: Bakayoko5780 (42871)
*** ANTE/BLINDS ***
zakabdel posts ante 30
patri34 posts ante 30
manggy94 posts ante 30
FeedMorePlzz posts ante 30
coco8888 posts ante 30
Bakayoko5780 posts ante 30
zakabdel posts small blind 200
patri34 posts big blind 400
Dealt to manggy94 [9d Qh]
*** PRE-FLOP *** 
coco8888 folds
Bakayoko5780 folds
manggy94 folds
FeedMorePlzz folds
zakabdel calls 200
patri34 checks
*** FLOP *** [5h 9c 4s]
zakabdel checks
patri34 bets 4820 and is all-in
zakabdel folds
patri34 collected 5800 from pot
*** SUMMARY ***
Total pot 5800 | No rake
Board: [5h 9c 4s]
Seat 4: patri34 (big blind) won 5800


Winamax Poker - Tournament "Hold'em" buyIn: 4,50€ + 0,50€ level: 6 - HandId: #675140988888416263-29-1462988069 - Holdem no limit (30/200/400) - 2016/05/11 17:34:29 UTC
Table: 'Hold'em(157193511)#006' 6-max (real money) Seat #3 is the button
Seat 1: manggy94 (6245)
Seat 2: FeedMorePlzz (6599)
Seat 3: zakabdel (7820)
Seat 4: patri34 (5800)
Seat 5: coco8888 (10920)
Seat 6: Bakayoko5780 (42841)
*** ANTE/BLINDS ***
patri34 posts ante 30
coco8888 posts ante 30
manggy94 posts ante 30
FeedMorePlzz posts ante 30
zakabdel posts ante 30
Bakayoko5780 posts ante 30
patri34 posts small blind 200
coco8888 posts big blind 400
Dealt to manggy94 [Ah 6c]
*** PRE-FLOP *** 
Bakayoko5780 folds
manggy94 calls 400
FeedMorePlzz folds
zakabdel folds
patri34 folds
coco8888 checks
*** FLOP *** [2d 2s 4c]
coco8888 checks
manggy94 bets 885
coco8888 folds
manggy94 collected 2065 from pot
*** SUMMARY ***
Total pot 2065 | No rake
Board: [2d 2s 4c]
Seat 1: manggy94 won 2065


Winamax Poker - Tournament "Hold'em" buyIn: 4,50€ + 0,50€ level: 6 - HandId: #675140988888416263-30-1462988112 - Holdem no limit (30/200/400) - 2016/05/11 17:35:12 UTC
Table: 'Hold'em(157193511)#006' 6-max (real money) Seat #4 is the button
Seat 1: manggy94 (6995)
Seat 2: FeedMorePlzz (6569)
Seat 3: zakabdel (7790)
Seat 4: patri34 (5570)
Seat 5: coco8888 (10490)
Seat 6: Bakayoko5780 (42811)
*** ANTE/BLINDS ***
coco8888 posts ante 30
Bakayoko5780 posts ante 30
manggy94 posts ante 30
FeedMorePlzz posts ante 30
zakabdel posts ante 30
patri34 posts ante 30
coco8888 posts small blind 200
Bakayoko5780 posts big blind 400
Dealt to manggy94 [Ah 4c]
*** PRE-FLOP *** 
manggy94 raises 400 to 800
FeedMorePlzz folds
zakabdel folds
patri34 folds
coco8888 raises 2200 to 3000
Bakayoko5780 folds
manggy94 calls 2200
*** FLOP *** [8c Ac 4h]
coco8888 bets 7460 and is all-in
manggy94 calls 3965 and is all-in
*** TURN *** [8c Ac 4h][8h]
*** RIVER *** [8c Ac 4h 8h][5c]
*** SHOW DOWN ***
manggy94 shows [Ah 4c] (Two pairs : Aces and 8)
coco8888 shows [9s 9c] (Two pairs : 9 and 8)
coco8888 collected 3495 from side pot 1
manggy94 collected 14510 from main pot
*** SUMMARY ***
Total pot 18005 | No rake
Board: [8c Ac 4h 8h 5c]
Seat 1: manggy94 showed [Ah 4c] and won 14510 with Two pairs : Aces and 8
Seat 5: coco8888 (small blind) showed [9s 9c] and won 3495 with Two pairs : 9 and 8


Winamax Poker - Tournament "Hold'em" buyIn: 4,50€ + 0,50€ level: 7 - HandId: #675140988888416263-31-1462988167 - Holdem no limit (40/250/500) - 2016/05/11 17:36:07 UTC
Table: 'Hold'em(157193511)#006' 6-max (real money) Seat #5 is the button
Seat 1: manggy94 (14510)
Seat 2: FeedMorePlzz (6539)
Seat 3: zakabdel (7760)
Seat 4: patri34 (5540)
Seat 5: coco8888 (3495)
Seat 6: Bakayoko5780 (42381)
*** ANTE/BLINDS ***
Bakayoko5780 posts ante 40
manggy94 posts ante 40
FeedMorePlzz posts ante 40
zakabdel posts ante 40
patri34 posts ante 40
coco8888 posts ante 40
Bakayoko5780 posts small blind 250
manggy94 posts big blind 500
Dealt to manggy94 [8d 9h]
*** PRE-FLOP *** 
FeedMorePlzz folds
zakabdel raises 1000 to 1500
patri34 folds
coco8888 folds
Bakayoko5780 raises 40841 to 42341 and is all-in
manggy94 folds
zakabdel calls 6220 and is all-in
*** FLOP *** [Ks Qs 8c]
*** TURN *** [Ks Qs 8c][6c]
*** RIVER *** [Ks Qs 8c 6c][Jd]
*** SHOW DOWN ***
zakabdel shows [Ah Kd] (One pair : Kings)
Bakayoko5780 shows [Ts Td] (One pair : Tens)
Bakayoko5780 collected 34621 from side pot 1
zakabdel collected 16180 from main pot
*** SUMMARY ***
Total pot 50801 | No rake
Board: [Ks Qs 8c 6c Jd]
Seat 3: zakabdel showed [Ah Kd] and won 16180 with One pair : Kings
Seat 6: Bakayoko5780 (small blind) showed [Ts Td] and won 34621 with One pair : Tens


Winamax Poker - Tournament "Hold'em" buyIn: 4,50€ + 0,50€ level: 7 - HandId: #675140988888416263-32-1462988220 - Holdem no limit (40/250/500) - 2016/05/11 17:37:00 UTC
Table: 'Hold'em(157193511)#006' 6-max (real money) Seat #6 is the button
Seat 1: manggy94 (13970)
Seat 2: FeedMorePlzz (6499)
Seat 3: zakabdel (16180)
Seat 4: patri34 (5500)
Seat 5: coco8888 (3455)
Seat 6: Bakayoko5780 (34621)
*** ANTE/BLINDS ***
manggy94 posts ante 40
FeedMorePlzz posts ante 40
zakabdel posts ante 40
patri34 posts ante 40
coco8888 posts ante 40
Bakayoko5780 posts ante 40
manggy94 posts small blind 250
FeedMorePlzz posts big blind 500
Dealt to manggy94 [As 9c]
*** PRE-FLOP *** 
zakabdel folds
patri34 folds
coco8888 folds
Bakayoko5780 raises 34081 to 34581 and is all-in
manggy94 folds
FeedMorePlzz folds
Bakayoko5780 collected 35571 from pot
*** SUMMARY ***
Total pot 35571 | No rake
Seat 6: Bakayoko5780 (button) won 35571


Winamax Poker - Tournament "Hold'em" buyIn: 4,50€ + 0,50€ level: 7 - HandId: #675140988888416263-33-1462988249 - Holdem no limit (40/250/500) - 2016/05/11 17:37:29 UTC
Table: 'Hold'em(157193511)#006' 6-max (real money) Seat #1 is the button
Seat 1: manggy94 (13680)
Seat 2: FeedMorePlzz (5959)
Seat 3: zakabdel (16140)
Seat 4: patri34 (5460)
Seat 5: coco8888 (3415)
Seat 6: Bakayoko5780 (35571)
*** ANTE/BLINDS ***
FeedMorePlzz posts ante 40
zakabdel posts ante 40
manggy94 posts ante 40
patri34 posts ante 40
coco8888 posts ante 40
Bakayoko5780 posts ante 40
FeedMorePlzz posts small blind 250
zakabdel posts big blind 500
Dealt to manggy94 [Tc Qh]
*** PRE-FLOP *** 
patri34 folds
coco8888 folds
Bakayoko5780 folds
manggy94 raises 500 to 1000
FeedMorePlzz calls 750
zakabdel folds
*** FLOP *** [2c 5c 4s]
FeedMorePlzz bets 500
manggy94 raises 3740 to 4240
FeedMorePlzz folds
manggy94 collected 7480 from pot
*** SUMMARY ***
Total pot 7480 | No rake
Board: [2c 5c 4s]
Seat 1: manggy94 (button) won 7480


Winamax Poker - Tournament "Hold'em" buyIn: 4,50€ + 0,50€ level: 7 - HandId: #675140988888416263-34-1462988282 - Holdem no limit (40/250/500) - 2016/05/11 17:38:02 UTC
Table: 'Hold'em(157193511)#006' 6-max (real money) Seat #2 is the button
Seat 1: manggy94 (15880)
Seat 2: FeedMorePlzz (4419)
Seat 3: zakabdel (15600)
Seat 4: patri34 (5420)
Seat 5: coco8888 (3375)
Seat 6: Bakayoko5780 (35531)
*** ANTE/BLINDS ***
zakabdel posts ante 40
patri34 posts ante 40
manggy94 posts ante 40
FeedMorePlzz posts ante 40
coco8888 posts ante 40
Bakayoko5780 posts ante 40
zakabdel posts small blind 250
patri34 posts big blind 500
Dealt to manggy94 [8s 4c]
*** PRE-FLOP *** 
coco8888 folds
Bakayoko5780 folds
manggy94 folds
FeedMorePlzz folds
zakabdel calls 250
patri34 raises 4880 to 5380 and is all-in
zakabdel folds
patri34 collected 6120 from pot
*** SUMMARY ***
Total pot 6120 | No rake
Seat 4: patri34 (big blind) won 6120


Winamax Poker - Tournament "Hold'em" buyIn: 4,50€ + 0,50€ level: 7 - HandId: #675140988888416263-35-1462988303 - Holdem no limit (40/250/500) - 2016/05/11 17:38:23 UTC
Table: 'Hold'em(157193511)#006' 6-max (real money) Seat #3 is the button
Seat 1: manggy94 (15840)
Seat 2: FeedMorePlzz (4379)
Seat 3: zakabdel (15060)
Seat 4: patri34 (6120)
Seat 5: coco8888 (3335)
Seat 6: Bakayoko5780 (35491)
*** ANTE/BLINDS ***
patri34 posts ante 40
coco8888 posts ante 40
manggy94 posts ante 40
FeedMorePlzz posts ante 40
zakabdel posts ante 40
Bakayoko5780 posts ante 40
patri34 posts small blind 250
coco8888 posts big blind 500
Dealt to manggy94 [Td Ts]
*** PRE-FLOP *** 
Bakayoko5780 calls 500
manggy94 raises 1500 to 2000
FeedMorePlzz folds
zakabdel folds
patri34 folds
coco8888 folds
Bakayoko5780 folds
manggy94 collected 3490 from pot
*** SUMMARY ***
Total pot 3490 | No rake
Seat 1: manggy94 won 3490


Winamax Poker - Tournament "Hold'em" buyIn: 4,50€ + 0,50€ level: 7 - HandId: #675140988888416263-36-1462988328 - Holdem no limit (40/250/500) - 2016/05/11 17:38:48 UTC
Table: 'Hold'em(157193511)#006' 6-max (real money) Seat #4 is the button
Seat 1: manggy94 (17290)
Seat 2: FeedMorePlzz (4339)
Seat 3: zakabdel (15020)
Seat 4: patri34 (5830)
Seat 5: coco8888 (2795)
Seat 6: Bakayoko5780 (34951)
*** ANTE/BLINDS ***
coco8888 posts ante 40
Bakayoko5780 posts ante 40
manggy94 posts ante 40
FeedMorePlzz posts ante 40
zakabdel posts ante 40
patri34 posts ante 40
coco8888 posts small blind 250
Bakayoko5780 posts big blind 500
Dealt to manggy94 [Jh 4s]
*** PRE-FLOP *** 
manggy94 folds
FeedMorePlzz folds
zakabdel folds
patri34 folds
coco8888 raises 2255 to 2755 and is all-in
Bakayoko5780 calls 2255
*** FLOP *** [Js 9c Kd]
*** TURN *** [Js 9c Kd][Kh]
*** RIVER *** [Js 9c Kd Kh][Ac]
*** SHOW DOWN ***
Bakayoko5780 shows [9s 2c] (Two pairs : Kings and 9)
coco8888 shows [8h Ah] (Two pairs : Aces and Kings)
coco8888 collected 5750 from pot
*** SUMMARY ***
Total pot 5750 | No rake
Board: [Js 9c Kd Kh Ac]
Seat 5: coco8888 (small blind) showed [8h Ah] and won 5750 with Two pairs : Aces and Kings
Seat 6: Bakayoko5780 (big blind) showed [9s 2c] and lost with Two pairs : Kings and 9


Winamax Poker - Tournament "Hold'em" buyIn: 4,50€ + 0,50€ level: 8 - HandId: #675140988888416263-37-1462988368 - Holdem no limit (60/300/600) - 2016/05/11 17:39:28 UTC
Table: 'Hold'em(157193511)#006' 6-max (real money) Seat #5 is the button
Seat 1: manggy94 (17250)
Seat 2: FeedMorePlzz (4299)
Seat 3: zakabdel (14980)
Seat 4: patri34 (5790)
Seat 5: coco8888 (5750)
Seat 6: Bakayoko5780 (32156)
*** ANTE/BLINDS ***
Bakayoko5780 posts ante 60
manggy94 posts ante 60
FeedMorePlzz posts ante 60
zakabdel posts ante 60
patri34 posts ante 60
coco8888 posts ante 60
Bakayoko5780 posts small blind 300
manggy94 posts big blind 600
Dealt to manggy94 [5h 3c]
*** PRE-FLOP *** 
FeedMorePlzz calls 600
zakabdel folds
patri34 raises 5130 to 5730 and is all-in
coco8888 calls 5690 and is all-in
Bakayoko5780 folds
manggy94 folds
FeedMorePlzz folds
*** FLOP *** [9c 9s Kd]
*** TURN *** [9c 9s Kd][Js]
*** RIVER *** [9c 9s Kd Js][Ac]
*** SHOW DOWN ***
coco8888 shows [4d 4c] (Two pairs : 9 and 4)
patri34 shows [5d Ad] (Two pairs : Aces and 9)
patri34 collected 13280 from pot
*** SUMMARY ***
Total pot 13280 | No rake
Board: [9c 9s Kd Js Ac]
Seat 4: patri34 showed [5d Ad] and won 13280 with Two pairs : Aces and 9
Seat 5: coco8888 (button) showed [4d 4c] and lost with Two pairs : 9 and 4


Winamax Poker - Tournament "Hold'em" buyIn: 4,50€ + 0,50€ level: 8 - HandId: #675140988888416263-38-1462988397 - Holdem no limit (60/300/600) - 2016/05/11 17:39:57 UTC
Table: 'Hold'em(157193511)#006' 6-max (real money) Seat #6 is the button
Seat 1: manggy94 (16590)
Seat 2: FeedMorePlzz (3639)
Seat 3: zakabdel (14920)
Seat 4: patri34 (13280)
Seat 6: Bakayoko5780 (31796)
*** ANTE/BLINDS ***
manggy94 posts ante 60
FeedMorePlzz posts ante 60
zakabdel posts ante 60
patri34 posts ante 60
Bakayoko5780 posts ante 60
manggy94 posts small blind 300
FeedMorePlzz posts big blind 600
Dealt to manggy94 [Js 3s]
*** PRE-FLOP *** 
zakabdel folds
patri34 folds
Bakayoko5780 folds
manggy94 raises 600 to 1200
FeedMorePlzz calls 600
*** FLOP *** [6d 9s 9c]
manggy94 bets 2025
FeedMorePlzz folds
manggy94 collected 4725 from pot
*** SUMMARY ***
Total pot 4725 | No rake
Board: [6d 9s 9c]
Seat 1: manggy94 (small blind) won 4725


Winamax Poker - Tournament "Hold'em" buyIn: 4,50€ + 0,50€ level: 8 - HandId: #675140988888416263-39-1462988430 - Holdem no limit (60/300/600) - 2016/05/11 17:40:30 UTC
Table: 'Hold'em(157193511)#006' 6-max (real money) Seat #1 is the button
Seat 1: manggy94 (18030)
Seat 2: FeedMorePlzz (2379)
Seat 3: zakabdel (14860)
Seat 4: patri34 (13220)
Seat 5: SickBadRiver (10000)
Seat 6: Bakayoko5780 (31736)
*** ANTE/BLINDS ***
FeedMorePlzz posts ante 60
zakabdel posts ante 60
manggy94 posts ante 60
patri34 posts ante 60
SickBadRiver posts ante 60
Bakayoko5780 posts ante 60
FeedMorePlzz posts small blind 300
zakabdel posts big blind 600
Dealt to manggy94 [6c 4s]
*** PRE-FLOP *** 
patri34 raises 12560 to 13160 and is all-in
SickBadRiver folds
Bakayoko5780 raises 18516 to 31676 and is all-in
manggy94 folds
FeedMorePlzz folds
zakabdel calls 14200 and is all-in
*** FLOP *** [7h 8d 8s]
*** TURN *** [7h 8d 8s][Jd]
*** RIVER *** [7h 8d 8s Jd][4c]
*** SHOW DOWN ***
zakabdel shows [Ac Qh] (One pair : 8)
patri34 shows [Qs Qc] (Two pairs : Queens and 8)
Bakayoko5780 shows [Ks Js] (Two pairs : Jacks and 8)
Bakayoko5780 collected 20156 from side pot 1
patri34 collected 40140 from main pot
*** SUMMARY ***
Total pot 60296 | No rake
Board: [7h 8d 8s Jd 4c]
Seat 3: zakabdel (big blind) showed [Ac Qh] and lost with One pair : 8
Seat 4: patri34 showed [Qs Qc] and won 40140 with Two pairs : Queens and 8
Seat 6: Bakayoko5780 showed [Ks Js] and won 20156 with Two pairs : Jacks and 8


Winamax Poker - Tournament "Hold'em" buyIn: 4,50€ + 0,50€ level: 8 - HandId: #675140988888416263-40-1462988455 - Holdem no limit (60/300/600) - 2016/05/11 17:40:55 UTC
Table: 'Hold'em(157193511)#006' 6-max (real money) Seat #2 is the button
Seat 1: manggy94 (17970)
Seat 2: FeedMorePlzz (2019)
Seat 4: patri34 (40140)
Seat 5: SickBadRiver (9940)
Seat 6: Bakayoko5780 (20156)
*** ANTE/BLINDS ***
patri34 posts ante 60
manggy94 posts ante 60
FeedMorePlzz posts ante 60
SickBadRiver posts ante 60
Bakayoko5780 posts ante 60
patri34 posts big blind 600
Dealt to manggy94 [6c 4c]
*** PRE-FLOP *** 
SickBadRiver folds
Bakayoko5780 raises 19496 to 20096 and is all-in
manggy94 folds
FeedMorePlzz calls 1959 and is all-in
patri34 folds
*** FLOP *** [8h Jd 7h]
*** TURN *** [8h Jd 7h][8s]
*** RIVER *** [8h Jd 7h 8s][9d]
*** SHOW DOWN ***
FeedMorePlzz shows [Ah 9s] (Two pairs : 9 and 8)
Bakayoko5780 shows [Tc 5c] (Straight Jack high)
Bakayoko5780 collected 22955 from pot
*** SUMMARY ***
Total pot 22955 | No rake
Board: [8h Jd 7h 8s 9d]
Seat 2: FeedMorePlzz (button) showed [Ah 9s] and lost with Two pairs : 9 and 8
Seat 6: Bakayoko5780 showed [Tc 5c] and won 22955 with Straight Jack high


Winamax Poker - Tournament "Hold'em" buyIn: 4,50€ + 0,50€ level: 8 - HandId: #675140988888416263-41-1462988492 - Holdem no limit (60/300/600) - 2016/05/11 17:41:32 UTC
Table: 'Hold'em(157193511)#006' 6-max (real money) Seat #3 is the button
Seat 1: manggy94 (17910)
Seat 3: Mtp1387 (10000)
Seat 4: patri34 (39480)
Seat 5: SickBadRiver (9880)
Seat 6: Bakayoko5780 (22955)
*** ANTE/BLINDS ***
patri34 posts ante 60
SickBadRiver posts ante 60
manggy94 posts ante 60
Bakayoko5780 posts ante 60
patri34 posts small blind 300
SickBadRiver posts big blind 600
Dealt to manggy94 [5h 3d]
*** PRE-FLOP *** 
Bakayoko5780 folds
manggy94 folds
patri34 folds
SickBadRiver collected 1140 from pot
*** SUMMARY ***
Total pot 1140 | No rake
Seat 5: SickBadRiver (big blind) won 1140


Winamax Poker - Tournament "Hold'em" buyIn: 4,50€ + 0,50€ level: 8 - HandId: #675140988888416263-42-1462988503 - Holdem no limit (60/300/600) - 2016/05/11 17:41:43 UTC
Table: 'Hold'em(157193511)#006' 6-max (real money) Seat #4 is the button
Seat 1: manggy94 (17850)
Seat 2: Badbit59 (10000)
Seat 3: Mtp1387 (10000)
Seat 4: patri34 (39120)
Seat 5: SickBadRiver (10360)
Seat 6: Bakayoko5780 (22895)
*** ANTE/BLINDS ***
SickBadRiver posts ante 60
Bakayoko5780 posts ante 60
manggy94 posts ante 60
Badbit59 posts ante 60
Mtp1387 posts ante 60
patri34 posts ante 60
SickBadRiver posts small blind 300
Bakayoko5780 posts big blind 600
Dealt to manggy94 [Jd 3s]
*** PRE-FLOP *** 
manggy94 folds
Badbit59 folds
Mtp1387 raises 1200 to 1800
patri34 folds
SickBadRiver folds
Bakayoko5780 folds
Mtp1387 collected 3060 from pot
*** SUMMARY ***
Total pot 3060 | No rake
Seat 3: Mtp1387 won 3060


Winamax Poker - Tournament "Hold'em" buyIn: 4,50€ + 0,50€ level: 9 - HandId: #675140988888416263-43-1462988541 - Holdem no limit (75/400/800) - 2016/05/11 17:42:21 UTC
Table: 'Hold'em(157193511)#006' 6-max (real money) Seat #5 is the button
Seat 1: manggy94 (17790)
Seat 2: Badbit59 (9940)
Seat 3: Mtp1387 (11200)
Seat 4: patri34 (39060)
Seat 5: SickBadRiver (10000)
Seat 6: Bakayoko5780 (22235)
*** ANTE/BLINDS ***
Bakayoko5780 posts ante 75
manggy94 posts ante 75
Badbit59 posts ante 75
Mtp1387 posts ante 75
patri34 posts ante 75
SickBadRiver posts ante 75
Bakayoko5780 posts small blind 400
manggy94 posts big blind 800
Dealt to manggy94 [Tc Js]
*** PRE-FLOP *** 
Badbit59 folds
Mtp1387 folds
patri34 folds
SickBadRiver folds
Bakayoko5780 raises 21360 to 22160 and is all-in
manggy94 folds
Bakayoko5780 collected 23410 from pot
*** SUMMARY ***
Total pot 23410 | No rake
Seat 6: Bakayoko5780 (small blind) won 23410


Winamax Poker - Tournament "Hold'em" buyIn: 4,50€ + 0,50€ level: 9 - HandId: #675140988888416263-44-1462988576 - Holdem no limit (75/400/800) - 2016/05/11 17:42:56 UTC
Table: 'Hold'em(157193511)#006' 6-max (real money) Seat #6 is the button
Seat 1: manggy94 (16915)
Seat 2: Badbit59 (9865)
Seat 3: Mtp1387 (11125)
Seat 4: patri34 (38985)
Seat 5: SickBadRiver (9925)
Seat 6: Bakayoko5780 (23410)
*** ANTE/BLINDS ***
manggy94 posts ante 75
Badbit59 posts ante 75
Mtp1387 posts ante 75
patri34 posts ante 75
SickBadRiver posts ante 75
Bakayoko5780 posts ante 75
manggy94 posts small blind 400
Badbit59 posts big blind 800
Dealt to manggy94 [9h Qh]
*** PRE-FLOP *** 
Mtp1387 folds
patri34 folds
SickBadRiver folds
Bakayoko5780 raises 22535 to 23335 and is all-in
manggy94 folds
Badbit59 folds
Bakayoko5780 collected 24985 from pot
*** SUMMARY ***
Total pot 24985 | No rake
Seat 6: Bakayoko5780 (button) won 24985


Winamax Poker - Tournament "Hold'em" buyIn: 4,50€ + 0,50€ level: 9 - HandId: #675140988888416263-45-1462988602 - Holdem no limit (75/400/800) - 2016/05/11 17:43:22 UTC
Table: 'Hold'em(157193511)#006' 6-max (real money) Seat #1 is the button
Seat 1: manggy94 (16440)
Seat 2: Badbit59 (8990)
Seat 3: Mtp1387 (11050)
Seat 4: patri34 (38910)
Seat 5: SickBadRiver (9850)
Seat 6: Bakayoko5780 (24985)
*** ANTE/BLINDS ***
Badbit59 posts ante 75
Mtp1387 posts ante 75
manggy94 posts ante 75
patri34 posts ante 75
SickBadRiver posts ante 75
Bakayoko5780 posts ante 75
Badbit59 posts small blind 400
Mtp1387 posts big blind 800
Dealt to manggy94 [3s 6c]
*** PRE-FLOP *** 
patri34 folds
SickBadRiver folds
Bakayoko5780 folds
manggy94 calls 800
Badbit59 calls 400
Mtp1387 checks
*** FLOP *** [Qd 7s 8c]
Badbit59 checks
Mtp1387 checks
manggy94 bets 2138
Badbit59 calls 2138
Mtp1387 folds
*** TURN *** [Qd 7s 8c][7c]
Badbit59 checks
manggy94 bets 5345
Badbit59 folds
manggy94 collected 12471 from pot
*** SUMMARY ***
Total pot 12471 | No rake
Board: [Qd 7s 8c 7c]
Seat 1: manggy94 (button) won 12471


Winamax Poker - Tournament "Hold'em" buyIn: 4,50€ + 0,50€ level: 10 - HandId: #675140988888416263-46-1462988716 - Holdem no limit (100/500/1000) - 2016/05/11 17:45:16 UTC
Table: 'Hold'em(157193511)#006' 6-max (real money) Seat #2 is the button
Seat 1: manggy94 (20553)
Seat 2: Badbit59 (5977)
Seat 3: Mtp1387 (10175)
Seat 4: patri34 (38835)
Seat 5: SickBadRiver (9775)
Seat 6: Bakayoko5780 (24910)
*** ANTE/BLINDS ***
Mtp1387 posts ante 100
patri34 posts ante 100
manggy94 posts ante 100
Badbit59 posts ante 100
SickBadRiver posts ante 100
Bakayoko5780 posts ante 100
Mtp1387 posts small blind 500
patri34 posts big blind 1000
Dealt to manggy94 [8d Tc]
*** PRE-FLOP *** 
SickBadRiver folds
Bakayoko5780 folds
manggy94 folds
Badbit59 folds
Mtp1387 raises 2000 to 3000
patri34 folds
Mtp1387 collected 4600 from pot
*** SUMMARY ***
Total pot 4600 | No rake
Seat 3: Mtp1387 (small blind) won 4600


Winamax Poker - Tournament "Hold'em" buyIn: 4,50€ + 0,50€ level: 10 - HandId: #675140988888416263-47-1462988752 - Holdem no limit (100/500/1000) - 2016/05/11 17:45:52 UTC
Table: 'Hold'em(157193511)#006' 6-max (real money) Seat #3 is the button
Seat 1: manggy94 (20453)
Seat 2: Badbit59 (5877)
Seat 3: Mtp1387 (11675)
Seat 4: patri34 (37735)
Seat 5: SickBadRiver (9675)
Seat 6: Bakayoko5780 (24810)
*** ANTE/BLINDS ***
patri34 posts ante 100
SickBadRiver posts ante 100
manggy94 posts ante 100
Badbit59 posts ante 100
Mtp1387 posts ante 100
Bakayoko5780 posts ante 100
patri34 posts small blind 500
SickBadRiver posts big blind 1000
Dealt to manggy94 [6s Jd]
*** PRE-FLOP *** 
Bakayoko5780 folds
manggy94 folds
Badbit59 raises 4777 to 5777 and is all-in
Mtp1387 folds
patri34 folds
SickBadRiver folds
Badbit59 collected 7877 from pot
*** SUMMARY ***
Total pot 7877 | No rake
Seat 2: Badbit59 won 7877


Winamax Poker - Tournament "Hold'em" buyIn: 4,50€ + 0,50€ level: 10 - HandId: #675140988888416263-48-1462988802 - Holdem no limit (100/500/1000) - 2016/05/11 17:46:42 UTC
Table: 'Hold'em(157193511)#006' 6-max (real money) Seat #4 is the button
Seat 1: manggy94 (20353)
Seat 2: Badbit59 (7877)
Seat 3: Mtp1387 (11575)
Seat 4: patri34 (37135)
Seat 5: SickBadRiver (8575)
Seat 6: Bakayoko5780 (24710)
*** ANTE/BLINDS ***
SickBadRiver posts ante 100
Bakayoko5780 posts ante 100
manggy94 posts ante 100
Badbit59 posts ante 100
Mtp1387 posts ante 100
patri34 posts ante 100
SickBadRiver posts small blind 500
Bakayoko5780 posts big blind 1000
Dealt to manggy94 [Qd Jc]
*** PRE-FLOP *** 
manggy94 raises 1000 to 2000
Badbit59 folds
Mtp1387 folds
patri34 folds
SickBadRiver raises 6475 to 8475 and is all-in
Bakayoko5780 raises 16135 to 24610 and is all-in
manggy94 folds
*** FLOP *** [Th 5c Jh]
*** TURN *** [Th 5c Jh][Kd]
*** RIVER *** [Th 5c Jh Kd][7d]
*** SHOW DOWN ***
SickBadRiver shows [Kh 2h] (One pair : Kings)
Bakayoko5780 shows [Ad Ks] (One pair : Kings)
Bakayoko5780 collected 35685 from pot
*** SUMMARY ***
Total pot 35685 | No rake
Board: [Th 5c Jh Kd 7d]
Seat 5: SickBadRiver (small blind) showed [Kh 2h] and lost with One pair : Kings
Seat 6: Bakayoko5780 (big blind) showed [Ad Ks] and won 35685 with One pair : Kings


Winamax Poker - Tournament "Hold'em" buyIn: 4,50€ + 0,50€ level: 10 - HandId: #675140988888416263-49-1462988831 - Holdem no limit (100/500/1000) - 2016/05/11 17:47:11 UTC
Table: 'Hold'em(157193511)#006' 6-max (real money) Seat #5 is the button
Seat 1: manggy94 (18253)
Seat 2: Badbit59 (7777)
Seat 3: Mtp1387 (11475)
Seat 4: patri34 (37035)
Seat 6: Bakayoko5780 (35685)
*** ANTE/BLINDS ***
Bakayoko5780 posts ante 100
manggy94 posts ante 100
Badbit59 posts ante 100
Mtp1387 posts ante 100
patri34 posts ante 100
Bakayoko5780 posts small blind 500
manggy94 posts big blind 1000
Dealt to manggy94 [As Qh]
*** PRE-FLOP *** 
Badbit59 folds
Mtp1387 raises 2000 to 3000
patri34 folds
Bakayoko5780 folds
manggy94 raises 7000 to 10000
Mtp1387 raises 1375 to 11375 and is all-in
manggy94 calls 1375
*** FLOP *** [5d Js 7h]
*** TURN *** [5d Js 7h][Jd]
*** RIVER *** [5d Js 7h Jd][9h]
*** SHOW DOWN ***
Mtp1387 shows [Qs Ts] (One pair : Jacks)
manggy94 shows [As Qh] (One pair : Jacks)
manggy94 collected 23750 from pot
*** SUMMARY ***
Total pot 23750 | No rake
Board: [5d Js 7h Jd 9h]
Seat 1: manggy94 (big blind) showed [As Qh] and won 23750 with One pair : Jacks
Seat 3: Mtp1387 showed [Qs Ts] and lost with One pair : Jacks


Winamax Poker - Tournament "Hold'em" buyIn: 4,50€ + 0,50€ level: 10 - HandId: #675140988888416263-50-1462988868 - Holdem no limit (100/500/1000) - 2016/05/11 17:47:48 UTC
Table: 'Hold'em(157193511)#006' 6-max (real money) Seat #6 is the button
Seat 1: manggy94 (30528)
Seat 2: Badbit59 (7677)
Seat 4: patri34 (36935)
Seat 5: gb1965 (9335)
Seat 6: Bakayoko5780 (35085)
*** ANTE/BLINDS ***
manggy94 posts ante 100
Badbit59 posts ante 100
patri34 posts ante 100
gb1965 posts ante 100
Bakayoko5780 posts ante 100
manggy94 posts small blind 500
Badbit59 posts big blind 1000
Dealt to manggy94 [6d 4s]
*** PRE-FLOP *** 
patri34 folds
gb1965 folds
Bakayoko5780 folds
manggy94 raises 1000 to 2000
Badbit59 raises 5577 to 7577 and is all-in
manggy94 folds
Badbit59 collected 10077 from pot
*** SUMMARY ***
Total pot 10077 | No rake
Seat 2: Badbit59 (big blind) won 10077


Winamax Poker - Tournament "Hold'em" buyIn: 4,50€ + 0,50€ level: 11 - HandId: #675140988888416263-51-1462988896 - Holdem no limit (150/600/1200) - 2016/05/11 17:48:16 UTC
Table: 'Hold'em(157193511)#006' 6-max (real money) Seat #1 is the button
Seat 1: manggy94 (28428)
Seat 2: Badbit59 (10077)
Seat 4: patri34 (36835)
Seat 5: gb1965 (9235)
Seat 6: Bakayoko5780 (34985)
*** ANTE/BLINDS ***
Badbit59 posts ante 150
patri34 posts ante 150
manggy94 posts ante 150
gb1965 posts ante 150
Bakayoko5780 posts ante 150
Badbit59 posts small blind 600
patri34 posts big blind 1200
Dealt to manggy94 [5s 4s]
*** PRE-FLOP *** 
gb1965 raises 1200 to 2400
Bakayoko5780 folds
manggy94 calls 2400
Badbit59 folds
patri34 folds
*** FLOP *** [Qh Td Kc]
gb1965 bets 3000
manggy94 folds
gb1965 collected 10350 from pot
*** SUMMARY ***
Total pot 10350 | No rake
Board: [Qh Td Kc]
Seat 5: gb1965 won 10350


Winamax Poker - Tournament "Hold'em" buyIn: 4,50€ + 0,50€ level: 11 - HandId: #675140988888416263-52-1462988917 - Holdem no limit (150/600/1200) - 2016/05/11 17:48:37 UTC
Table: 'Hold'em(157193511)#006' 6-max (real money) Seat #2 is the button
Seat 1: manggy94 (25878)
Seat 2: Badbit59 (9327)
Seat 4: patri34 (35485)
Seat 5: gb1965 (14035)
Seat 6: Bakayoko5780 (34835)
*** ANTE/BLINDS ***
patri34 posts ante 150
gb1965 posts ante 150
manggy94 posts ante 150
Badbit59 posts ante 150
Bakayoko5780 posts ante 150
patri34 posts small blind 600
gb1965 posts big blind 1200
Dealt to manggy94 [4c 7c]
*** PRE-FLOP *** 
Bakayoko5780 raises 33485 to 34685 and is all-in
manggy94 folds
Badbit59 folds
patri34 folds
gb1965 calls 12685 and is all-in
*** FLOP *** [Js 9s 3d]
*** TURN *** [Js 9s 3d][Ts]
*** RIVER *** [Js 9s 3d Ts][Ah]
*** SHOW DOWN ***
gb1965 shows [8c 8d] (One pair : 8)
Bakayoko5780 shows [Jd Ks] (One pair : Jacks)
Bakayoko5780 collected 49920 from pot
*** SUMMARY ***
Total pot 49920 | No rake
Board: [Js 9s 3d Ts Ah]
Seat 5: gb1965 (big blind) showed [8c 8d] and lost with One pair : 8
Seat 6: Bakayoko5780 showed [Jd Ks] and won 49920 with One pair : Jacks


Winamax Poker - Tournament "Hold'em" buyIn: 4,50€ + 0,50€ level: 11 - HandId: #675140988888416263-53-1462988952 - Holdem no limit (150/600/1200) - 2016/05/11 17:49:12 UTC
Table: 'Hold'em(157193511)#006' 6-max (real money) Seat #4 is the button
Seat 1: manggy94 (25728)
Seat 2: Badbit59 (9177)
Seat 4: patri34 (34735)
Seat 6: Bakayoko5780 (49920)
*** ANTE/BLINDS ***
Bakayoko5780 posts ante 150
manggy94 posts ante 150
Badbit59 posts ante 150
patri34 posts ante 150
Bakayoko5780 posts big blind 1200
Dealt to manggy94 [2d 8d]
*** PRE-FLOP *** 
manggy94 folds
Badbit59 raises 7827 to 9027 and is all-in
patri34 folds
Bakayoko5780 calls 7827
*** FLOP *** [7h 4c 5s]
*** TURN *** [7h 4c 5s][2c]
*** RIVER *** [7h 4c 5s 2c][4d]
*** SHOW DOWN ***
Badbit59 shows [Js Kd] (One pair : 4)
Bakayoko5780 shows [Qh Qc] (Two pairs : Queens and 4)
Bakayoko5780 collected 18654 from pot
*** SUMMARY ***
Total pot 18654 | No rake
Board: [7h 4c 5s 2c 4d]
Seat 2: Badbit59 showed [Js Kd] and lost with One pair : 4
Seat 6: Bakayoko5780 (big blind) showed [Qh Qc] and won 18654 with Two pairs : Queens and 4


Winamax Poker - Tournament "Hold'em" buyIn: 4,50€ + 0,50€ level: 11 - HandId: #675140988888416263-54-1462988990 - Holdem no limit (150/600/1200) - 2016/05/11 17:49:50 UTC
Table: 'Hold'em(157193511)#006' 6-max (real money) Seat #5 is the button
Seat 1: manggy94 (25578)
Seat 4: patri34 (34585)
Seat 6: Bakayoko5780 (59397)
*** ANTE/BLINDS ***
Bakayoko5780 posts ante 150
manggy94 posts ante 150
patri34 posts ante 150
Bakayoko5780 posts small blind 600
manggy94 posts big blind 1200
Dealt to manggy94 [7c 8s]
*** PRE-FLOP *** 
patri34 raises 33235 to 34435 and is all-in
Bakayoko5780 folds
manggy94 folds
patri34 collected 36685 from pot
*** SUMMARY ***
Total pot 36685 | No rake
Seat 4: patri34 won 36685


Winamax Poker - Tournament "Hold'em" buyIn: 4,50€ + 0,50€ level: 11 - HandId: #675140988888416263-55-1462989018 - Holdem no limit (150/600/1200) - 2016/05/11 17:50:18 UTC
Table: 'Hold'em(157193511)#006' 6-max (real money) Seat #6 is the button
Seat 1: manggy94 (24228)
Seat 2: MARS2739 (14600)
Seat 3: BraKeTTe (18165)
Seat 4: patri34 (36685)
Seat 5: ASHDEGUERRE (8110)
Seat 6: Bakayoko5780 (58647)
*** ANTE/BLINDS ***
manggy94 posts ante 150
MARS2739 posts ante 150
BraKeTTe posts ante 150
patri34 posts ante 150
ASHDEGUERRE posts ante 150
Bakayoko5780 posts ante 150
manggy94 posts small blind 600
MARS2739 posts big blind 1200
Dealt to manggy94 [4s 2d]
*** PRE-FLOP *** 
BraKeTTe folds
patri34 folds
ASHDEGUERRE raises 6760 to 7960 and is all-in
Bakayoko5780 folds
manggy94 folds
MARS2739 folds
ASHDEGUERRE collected 10660 from pot
*** SUMMARY ***
Total pot 10660 | No rake
Seat 5: ASHDEGUERRE won 10660


Winamax Poker - Tournament "Hold'em" buyIn: 4,50€ + 0,50€ level: 11 - HandId: #675140988888416263-56-1462989043 - Holdem no limit (150/600/1200) - 2016/05/11 17:50:43 UTC
Table: 'Hold'em(157193511)#006' 6-max (real money) Seat #1 is the button
Seat 1: manggy94 (23478)
Seat 2: MARS2739 (13250)
Seat 3: BraKeTTe (18015)
Seat 4: patri34 (36535)
Seat 5: ASHDEGUERRE (10660)
Seat 6: Bakayoko5780 (58497)
*** ANTE/BLINDS ***
MARS2739 posts ante 150
BraKeTTe posts ante 150
manggy94 posts ante 150
patri34 posts ante 150
ASHDEGUERRE posts ante 150
Bakayoko5780 posts ante 150
MARS2739 posts small blind 600
BraKeTTe posts big blind 1200
Dealt to manggy94 [3s 2s]
*** PRE-FLOP *** 
patri34 folds
ASHDEGUERRE raises 9310 to 10510 and is all-in
Bakayoko5780 folds
manggy94 folds
MARS2739 folds
BraKeTTe folds
ASHDEGUERRE collected 13210 from pot
*** SUMMARY ***
Total pot 13210 | No rake
Seat 5: ASHDEGUERRE won 13210


Winamax Poker - Tournament "Hold'em" buyIn: 4,50€ + 0,50€ level: 12 - HandId: #675140988888416263-57-1462989077 - Holdem no limit (180/800/1600) - 2016/05/11 17:51:17 UTC
Table: 'Hold'em(157193511)#006' 6-max (real money) Seat #2 is the button
Seat 1: manggy94 (23328)
Seat 2: MARS2739 (12500)
Seat 3: BraKeTTe (16665)
Seat 4: patri34 (36385)
Seat 5: ASHDEGUERRE (13210)
Seat 6: Bakayoko5780 (58347)
*** ANTE/BLINDS ***
BraKeTTe posts ante 180
patri34 posts ante 180
manggy94 posts ante 180
MARS2739 posts ante 180
ASHDEGUERRE posts ante 180
Bakayoko5780 posts ante 180
BraKeTTe posts small blind 800
patri34 posts big blind 1600
Dealt to manggy94 [8c Jh]
*** PRE-FLOP *** 
ASHDEGUERRE folds
Bakayoko5780 calls 1600
manggy94 folds
MARS2739 folds
BraKeTTe folds
patri34 checks
*** FLOP *** [4h Kc 5d]
patri34 checks
Bakayoko5780 checks
*** TURN *** [4h Kc 5d][2d]
patri34 bets 1600
Bakayoko5780 folds
patri34 collected 6680 from pot
*** SUMMARY ***
Total pot 6680 | No rake
Board: [4h Kc 5d 2d]
Seat 4: patri34 (big blind) won 6680


Winamax Poker - Tournament "Hold'em" buyIn: 4,50€ + 0,50€ level: 12 - HandId: #675140988888416263-58-1462989115 - Holdem no limit (180/800/1600) - 2016/05/11 17:51:55 UTC
Table: 'Hold'em(157193511)#006' 6-max (real money) Seat #3 is the button
Seat 1: manggy94 (23148)
Seat 2: MARS2739 (12320)
Seat 3: BraKeTTe (15685)
Seat 4: patri34 (39685)
Seat 5: ASHDEGUERRE (13030)
Seat 6: Bakayoko5780 (56567)
*** ANTE/BLINDS ***
patri34 posts ante 180
ASHDEGUERRE posts ante 180
manggy94 posts ante 180
MARS2739 posts ante 180
BraKeTTe posts ante 180
Bakayoko5780 posts ante 180
patri34 posts small blind 800
ASHDEGUERRE posts big blind 1600
Dealt to manggy94 [9d 5d]
*** PRE-FLOP *** 
Bakayoko5780 folds
manggy94 raises 1600 to 3200
MARS2739 folds
BraKeTTe folds
patri34 folds
ASHDEGUERRE raises 9650 to 12850 and is all-in
manggy94 calls 9650
*** FLOP *** [6s 8s 9h]
*** TURN *** [6s 8s 9h][2c]
*** RIVER *** [6s 8s 9h 2c][4h]
*** SHOW DOWN ***
ASHDEGUERRE shows [Qc Ah] (High card : Ace)
manggy94 shows [9d 5d] (One pair : 9)
manggy94 collected 27580 from pot
*** SUMMARY ***
Total pot 27580 | No rake
Board: [6s 8s 9h 2c 4h]
Seat 1: manggy94 showed [9d 5d] and won 27580 with One pair : 9
Seat 5: ASHDEGUERRE (big blind) showed [Qc Ah] and lost with High card : Ace


Winamax Poker - Tournament "Hold'em" buyIn: 4,50€ + 0,50€ level: 12 - HandId: #675140988888416263-59-1462989143 - Holdem no limit (180/800/1600) - 2016/05/11 17:52:23 UTC
Table: 'Hold'em(157193511)#006' 6-max (real money) Seat #4 is the button
Seat 1: manggy94 (37698)
Seat 2: MARS2739 (12140)
Seat 3: BraKeTTe (15505)
Seat 4: patri34 (38705)
Seat 6: Bakayoko5780 (56387)
*** ANTE/BLINDS ***
Bakayoko5780 posts ante 180
manggy94 posts ante 180
MARS2739 posts ante 180
BraKeTTe posts ante 180
patri34 posts ante 180
Bakayoko5780 posts big blind 1600
Dealt to manggy94 [8d As]
*** PRE-FLOP *** 
manggy94 raises 1600 to 3200
MARS2739 folds
BraKeTTe folds
patri34 folds
Bakayoko5780 folds
manggy94 collected 5700 from pot
*** SUMMARY ***
Total pot 5700 | No rake
Seat 1: manggy94 won 5700


Winamax Poker - Tournament "Hold'em" buyIn: 4,50€ + 0,50€ level: 12 - HandId: #675140988888416263-60-1462989162 - Holdem no limit (180/800/1600) - 2016/05/11 17:52:42 UTC
Table: 'Hold'em(157193511)#006' 6-max (real money) Seat #5 is the button
Seat 1: manggy94 (40018)
Seat 2: MARS2739 (11960)
Seat 3: BraKeTTe (15325)
Seat 4: patri34 (38525)
Seat 6: Bakayoko5780 (54607)
*** ANTE/BLINDS ***
Bakayoko5780 posts ante 180
manggy94 posts ante 180
MARS2739 posts ante 180
BraKeTTe posts ante 180
patri34 posts ante 180
Bakayoko5780 posts small blind 800
manggy94 posts big blind 1600
Dealt to manggy94 [7c Th]
*** PRE-FLOP *** 
MARS2739 folds
BraKeTTe raises 1600 to 3200
patri34 folds
Bakayoko5780 calls 2400
manggy94 calls 1600
*** FLOP *** [9h 2c 7d]
Bakayoko5780 checks
manggy94 bets 5250
BraKeTTe folds
Bakayoko5780 folds
manggy94 collected 15750 from pot
*** SUMMARY ***
Total pot 15750 | No rake
Board: [9h 2c 7d]
Seat 1: manggy94 (big blind) won 15750


Winamax Poker - Tournament "Hold'em" buyIn: 4,50€ + 0,50€ level: 12 - HandId: #675140988888416263-61-1462989200 - Holdem no limit (180/800/1600) - 2016/05/11 17:53:20 UTC
Table: 'Hold'em(157193511)#006' 6-max (real money) Seat #6 is the button
Seat 1: manggy94 (47138)
Seat 2: MARS2739 (11780)
Seat 3: BraKeTTe (11945)
Seat 4: patri34 (38345)
Seat 6: Bakayoko5780 (51227)
*** ANTE/BLINDS ***
manggy94 posts ante 180
MARS2739 posts ante 180
BraKeTTe posts ante 180
patri34 posts ante 180
Bakayoko5780 posts ante 180
manggy94 posts small blind 800
MARS2739 posts big blind 1600
Dealt to manggy94 [Td 7s]
*** PRE-FLOP *** 
BraKeTTe folds
patri34 folds
Bakayoko5780 folds
manggy94 calls 800
MARS2739 checks
*** FLOP *** [7h Js 6s]
manggy94 bets 4100
MARS2739 folds
manggy94 collected 8200 from pot
*** SUMMARY ***
Total pot 8200 | No rake
Board: [7h Js 6s]
Seat 1: manggy94 (small blind) won 8200


Winamax Poker - Tournament "Hold'em" buyIn: 4,50€ + 0,50€ level: 12 - HandId: #675140988888416263-62-1462989230 - Holdem no limit (180/800/1600) - 2016/05/11 17:53:50 UTC
Table: 'Hold'em(157193511)#006' 6-max (real money) Seat #1 is the button
Seat 1: manggy94 (49458)
Seat 2: MARS2739 (10000)
Seat 3: BraKeTTe (11765)
Seat 4: patri34 (38165)
Seat 6: Bakayoko5780 (51047)
*** ANTE/BLINDS ***
MARS2739 posts ante 180
BraKeTTe posts ante 180
manggy94 posts ante 180
patri34 posts ante 180
Bakayoko5780 posts ante 180
MARS2739 posts small blind 800
BraKeTTe posts big blind 1600
Dealt to manggy94 [2d 4d]
*** PRE-FLOP *** 
patri34 folds
Bakayoko5780 folds
manggy94 raises 1600 to 3200
MARS2739 folds
BraKeTTe folds
manggy94 collected 6500 from pot
*** SUMMARY ***
Total pot 6500 | No rake
Seat 1: manggy94 (button) won 6500


Winamax Poker - Tournament "Hold'em" buyIn: 4,50€ + 0,50€ level: 13 - HandId: #675140988888416263-63-1462989251 - Holdem no limit (240/1000/2000) - 2016/05/11 17:54:11 UTC
Table: 'Hold'em(157193511)#006' 6-max (real money) Seat #2 is the button
Seat 1: manggy94 (52578)
Seat 2: MARS2739 (9020)
Seat 3: BraKeTTe (9985)
Seat 4: patri34 (37985)
Seat 5: Master_B (18061)
Seat 6: Bakayoko5780 (50867)
*** ANTE/BLINDS ***
BraKeTTe posts ante 240
patri34 posts ante 240
manggy94 posts ante 240
MARS2739 posts ante 240
Master_B posts ante 240
Bakayoko5780 posts ante 240
BraKeTTe posts small blind 1000
patri34 posts big blind 2000
Dealt to manggy94 [7h Ah]
*** PRE-FLOP *** 
Master_B raises 15821 to 17821 and is all-in
Bakayoko5780 folds
manggy94 calls 17821
MARS2739 folds
BraKeTTe folds
patri34 folds
*** FLOP *** [Ts 7s Qd]
*** TURN *** [Ts 7s Qd][4h]
*** RIVER *** [Ts 7s Qd 4h][8c]
*** SHOW DOWN ***
manggy94 shows [7h Ah] (One pair : 7)
Master_B shows [Td Jd] (One pair : Tens)
Master_B collected 40082 from pot
*** SUMMARY ***
Total pot 40082 | No rake
Board: [Ts 7s Qd 4h 8c]
Seat 1: manggy94 showed [7h Ah] and lost with One pair : 7
Seat 5: Master_B showed [Td Jd] and won 40082 with One pair : Tens


Winamax Poker - Tournament "Hold'em" buyIn: 4,50€ + 0,50€ level: 13 - HandId: #675140988888416263-64-1462989291 - Holdem no limit (240/1000/2000) - 2016/05/11 17:54:51 UTC
Table: 'Hold'em(157193511)#006' 6-max (real money) Seat #3 is the button
Seat 1: manggy94 (34517)
Seat 2: MARS2739 (8780)
Seat 3: BraKeTTe (8745)
Seat 4: patri34 (35745)
Seat 5: Master_B (40082)
Seat 6: Bakayoko5780 (50627)
*** ANTE/BLINDS ***
patri34 posts ante 240
Master_B posts ante 240
manggy94 posts ante 240
MARS2739 posts ante 240
BraKeTTe posts ante 240
Bakayoko5780 posts ante 240
patri34 posts small blind 1000
Master_B posts big blind 2000
Dealt to manggy94 [Ts Qh]
*** PRE-FLOP *** 
Bakayoko5780 folds
manggy94 raises 2000 to 4000
MARS2739 folds
BraKeTTe raises 4505 to 8505 and is all-in
patri34 folds
Master_B raises 31337 to 39842 and is all-in
manggy94 folds
*** FLOP *** [3c 8d Kc]
*** TURN *** [3c 8d Kc][7c]
*** RIVER *** [3c 8d Kc 7c][Qd]
*** SHOW DOWN ***
BraKeTTe shows [Js Qs] (One pair : Queens)
Master_B shows [Ah 5h] (High card : Ace)
Master_B collected 31337 from side pot 1
BraKeTTe collected 23450 from main pot
*** SUMMARY ***
Total pot 54787 | No rake
Board: [3c 8d Kc 7c Qd]
Seat 3: BraKeTTe (button) showed [Js Qs] and won 23450 with One pair : Queens
Seat 5: Master_B (big blind) showed [Ah 5h] and won 31337 with High card : Ace


Winamax Poker - Tournament "Hold'em" buyIn: 4,50€ + 0,50€ level: 13 - HandId: #675140988888416263-65-1462989602 - Holdem no limit (240/1000/2000) - 2016/05/11 18:00:02 UTC
Table: 'Hold'em(157193511)#006' 6-max (real money) Seat #4 is the button
Seat 1: manggy94 (30277)
Seat 2: MARS2739 (8540)
Seat 3: BraKeTTe (23450)
Seat 4: patri34 (34505)
Seat 5: Master_B (31337)
Seat 6: Bakayoko5780 (50387)
*** ANTE/BLINDS ***
Master_B posts ante 240
Bakayoko5780 posts ante 240
manggy94 posts ante 240
MARS2739 posts ante 240
BraKeTTe posts ante 240
patri34 posts ante 240
Master_B posts small blind 1000
Bakayoko5780 posts big blind 2000
Dealt to manggy94 [3d Th]
*** PRE-FLOP *** 
manggy94 folds
MARS2739 folds
BraKeTTe folds
patri34 calls 2000
Master_B folds
Bakayoko5780 raises 48147 to 50147 and is all-in
patri34 folds
Bakayoko5780 collected 54587 from pot
*** SUMMARY ***
Total pot 54587 | No rake
Seat 6: Bakayoko5780 (big blind) won 54587


Winamax Poker - Tournament "Hold'em" buyIn: 4,50€ + 0,50€ level: 13 - HandId: #675140988888416263-66-1462989648 - Holdem no limit (240/1000/2000) - 2016/05/11 18:00:48 UTC
Table: 'Hold'em(157193511)#006' 6-max (real money) Seat #5 is the button
Seat 1: manggy94 (30037)
Seat 2: MARS2739 (8300)
Seat 3: BraKeTTe (23210)
Seat 4: patri34 (32265)
Seat 5: Master_B (30097)
Seat 6: Bakayoko5780 (54587)
*** ANTE/BLINDS ***
Bakayoko5780 posts ante 240
manggy94 posts ante 240
MARS2739 posts ante 240
BraKeTTe posts ante 240
patri34 posts ante 240
Master_B posts ante 240
Bakayoko5780 posts small blind 1000
manggy94 posts big blind 2000
Dealt to manggy94 [Qd Ac]
*** PRE-FLOP *** 
MARS2739 folds
BraKeTTe folds
patri34 folds
Master_B calls 2000
Bakayoko5780 folds
manggy94 raises 6440 to 8440
Master_B calls 6440
*** FLOP *** [As 3h 4h]
manggy94 bets 19320
Master_B folds
manggy94 collected 38640 from pot
*** SUMMARY ***
Total pot 38640 | No rake
Board: [As 3h 4h]
Seat 1: manggy94 (big blind) won 38640


Winamax Poker - Tournament "Hold'em" buyIn: 4,50€ + 0,50€ level: 13 - HandId: #675140988888416263-67-1462989687 - Holdem no limit (240/1000/2000) - 2016/05/11 18:01:27 UTC
Table: 'Hold'em(157193511)#006' 6-max (real money) Seat #6 is the button
Seat 1: manggy94 (40677)
Seat 2: MARS2739 (8060)
Seat 3: BraKeTTe (22970)
Seat 4: patri34 (32025)
Seat 5: Master_B (21417)
Seat 6: Bakayoko5780 (53347)
*** ANTE/BLINDS ***
manggy94 posts ante 240
MARS2739 posts ante 240
BraKeTTe posts ante 240
patri34 posts ante 240
Master_B posts ante 240
Bakayoko5780 posts ante 240
manggy94 posts small blind 1000
MARS2739 posts big blind 2000
Dealt to manggy94 [2d 4c]
*** PRE-FLOP *** 
BraKeTTe folds
patri34 folds
Master_B raises 6440 to 8440
Bakayoko5780 folds
manggy94 folds
MARS2739 folds
Master_B collected 12880 from pot
*** SUMMARY ***
Total pot 12880 | No rake
Seat 5: Master_B won 12880


Winamax Poker - Tournament "Hold'em" buyIn: 4,50€ + 0,50€ level: 13 - HandId: #675140988888416263-68-1462989710 - Holdem no limit (240/1000/2000) - 2016/05/11 18:01:50 UTC
Table: 'Hold'em(157193511)#006' 6-max (real money) Seat #1 is the button
Seat 1: manggy94 (39437)
Seat 2: MARS2739 (5820)
Seat 3: BraKeTTe (22730)
Seat 4: patri34 (31785)
Seat 5: Master_B (25617)
Seat 6: Bakayoko5780 (53107)
*** ANTE/BLINDS ***
MARS2739 posts ante 240
BraKeTTe posts ante 240
manggy94 posts ante 240
patri34 posts ante 240
Master_B posts ante 240
Bakayoko5780 posts ante 240
MARS2739 posts small blind 1000
BraKeTTe posts big blind 2000
Dealt to manggy94 [6h 2c]
*** PRE-FLOP *** 
patri34 folds
Master_B folds
Bakayoko5780 folds
manggy94 calls 2000
MARS2739 folds
BraKeTTe checks
*** FLOP *** [Qd Th 8s]
BraKeTTe checks
manggy94 bets 4293
BraKeTTe folds
manggy94 collected 10733 from pot
*** SUMMARY ***
Total pot 10733 | No rake
Board: [Qd Th 8s]
Seat 1: manggy94 (button) won 10733


Winamax Poker - Tournament "Hold'em" buyIn: 4,50€ + 0,50€ level: 14 - HandId: #675140988888416263-69-1462989769 - Holdem no limit (320/1250/2500) - 2016/05/11 18:02:49 UTC
Table: 'Hold'em(157193511)#006' 6-max (real money) Seat #2 is the button
Seat 1: manggy94 (43637)
Seat 2: MARS2739 (4580)
Seat 3: BraKeTTe (20490)
Seat 4: patri34 (31545)
Seat 5: Master_B (25377)
Seat 6: Bakayoko5780 (52867)
*** ANTE/BLINDS ***
BraKeTTe posts ante 320
patri34 posts ante 320
manggy94 posts ante 320
MARS2739 posts ante 320
Master_B posts ante 320
Bakayoko5780 posts ante 320
BraKeTTe posts small blind 1250
patri34 posts big blind 2500
Dealt to manggy94 [Ad Qd]
*** PRE-FLOP *** 
Master_B folds
Bakayoko5780 folds
manggy94 raises 8170 to 10670
MARS2739 calls 4260 and is all-in
BraKeTTe folds
patri34 folds
*** FLOP *** [4s 9d 5c]
*** TURN *** [4s 9d 5c][Kc]
*** RIVER *** [4s 9d 5c Kc][8s]
*** SHOW DOWN ***
MARS2739 shows [Kh Td] (One pair : Kings)
manggy94 shows [Ad Qd] (High card : Ace)
manggy94 collected 6410 from side pot 1
MARS2739 collected 14190 from main pot
*** SUMMARY ***
Total pot 20600 | No rake
Board: [4s 9d 5c Kc 8s]
Seat 1: manggy94 showed [Ad Qd] and won 6410 with High card : Ace
Seat 2: MARS2739 (button) showed [Kh Td] and won 14190 with One pair : Kings


Winamax Poker - Tournament "Hold'em" buyIn: 4,50€ + 0,50€ level: 14 - HandId: #675140988888416263-70-1462989791 - Holdem no limit (320/1250/2500) - 2016/05/11 18:03:11 UTC
Table: 'Hold'em(157193511)#006' 6-max (real money) Seat #3 is the button
Seat 1: manggy94 (39057)
Seat 2: MARS2739 (14190)
Seat 3: BraKeTTe (18920)
Seat 4: patri34 (28725)
Seat 5: Master_B (25057)
Seat 6: Bakayoko5780 (52547)
*** ANTE/BLINDS ***
patri34 posts ante 320
Master_B posts ante 320
manggy94 posts ante 320
MARS2739 posts ante 320
BraKeTTe posts ante 320
Bakayoko5780 posts ante 320
patri34 posts small blind 1250
Master_B posts big blind 2500
Dealt to manggy94 [Qc 2h]
*** PRE-FLOP *** 
Bakayoko5780 folds
manggy94 folds
MARS2739 folds
BraKeTTe raises 16100 to 18600 and is all-in
patri34 folds
Master_B calls 16100
*** FLOP *** [9s Jh 6h]
*** TURN *** [9s Jh 6h][Td]
*** RIVER *** [9s Jh 6h Td][Jd]
*** SHOW DOWN ***
BraKeTTe shows [8s Ks] (One pair : Jacks)
Master_B shows [Ac 8h] (One pair : Jacks)
Master_B collected 40370 from pot
*** SUMMARY ***
Total pot 40370 | No rake
Board: [9s Jh 6h Td Jd]
Seat 3: BraKeTTe (button) showed [8s Ks] and lost with One pair : Jacks
Seat 5: Master_B (big blind) showed [Ac 8h] and won 40370 with One pair : Jacks


Winamax Poker - Tournament "Hold'em" buyIn: 4,50€ + 0,50€ level: 14 - HandId: #675140988888416263-71-1462989831 - Holdem no limit (320/1250/2500) - 2016/05/11 18:03:51 UTC
Table: 'Hold'em(157193511)#006' 6-max (real money) Seat #4 is the button
Seat 1: manggy94 (38737)
Seat 2: MARS2739 (13870)
Seat 4: patri34 (27155)
Seat 5: Master_B (46507)
Seat 6: Bakayoko5780 (52227)
*** ANTE/BLINDS ***
Master_B posts ante 320
Bakayoko5780 posts ante 320
manggy94 posts ante 320
MARS2739 posts ante 320
patri34 posts ante 320
Master_B posts small blind 1250
Bakayoko5780 posts big blind 2500
Dealt to manggy94 [9s 9c]
*** PRE-FLOP *** 
manggy94 raises 7850 to 10350
MARS2739 folds
patri34 folds
Master_B folds
Bakayoko5780 raises 41557 to 51907 and is all-in
manggy94 calls 28067 and is all-in
*** FLOP *** [7s 6s Jh]
*** TURN *** [7s 6s Jh][5s]
*** RIVER *** [7s 6s Jh 5s][2d]
*** SHOW DOWN ***
manggy94 shows [9s 9c] (One pair : 9)
Bakayoko5780 shows [5h 5d] (Trips of 5)
Bakayoko5780 collected 93174 from pot
*** SUMMARY ***
Total pot 93174 | No rake
Board: [7s 6s Jh 5s 2d]
Seat 1: manggy94 showed [9s 9c] and lost with One pair : 9
Seat 6: Bakayoko5780 (big blind) showed [5h 5d] and won 93174 with Trips of 5


