Winamax Poker - Tournament "Kill The Fish" buyIn: 2,25€ + 2,25€ + 0,50€ level: 4 - HandId: #673063161020022803-23-1462542180 - Holdem no limit (150/300) - 2016/05/06 13:43:00 UTC
Table: 'Kill The Fish(156709729)#018' 8-max (real money) Seat #2 is the button
Seat 1: Ma Mouille (16770)
Seat 2: Dirlaffaire (9150)
Seat 3: 7BBdeep (11828)
Seat 4: helptolov (9201)
Seat 5: manggy94 (10000)
Seat 6: Robs71160 (15194)
Seat 7: Dim38300 (18151)
Seat 8: Delrio (29731)
*** ANTE/BLINDS ***
7BBdeep posts small blind 150
helptolov posts big blind 300
Dealt to manggy94 [Th 3c]
*** PRE-FLOP *** 
manggy94 folds
Robs71160 raises 600 to 900
Dim38300 calls 900
Delrio folds
Ma Mouille folds
Dirlaffaire calls 900
7BBdeep folds
helptolov folds
*** FLOP *** [8d 6d Jd]
Robs71160 bets 3150
Dim38300 calls 3150
Dirlaffaire folds
*** TURN *** [8d 6d Jd][Qc]
Robs71160 checks
Dim38300 bets 4725
Robs71160 calls 4725
*** RIVER *** [8d 6d Jd Qc][Qs]
Robs71160 bets 6419 and is all-in
Dim38300 raises 2957 to 9376 and is all-in
*** SHOW DOWN ***
Robs71160 shows [Js Jc] (Full of Jacks and Queens)
Dim38300 shows [2d 2h] (Two pairs : Queens and 2)
Dim38300 collected 2957 from side pot 1
Robs71160 collected 31738 from main pot
*** SUMMARY ***
Total pot 34695 | No rake
Board: [8d 6d Jd Qc Qs]
Seat 6: Robs71160 showed [Js Jc] and won 31738 with Full of Jacks and Queens
Seat 7: Dim38300 showed [2d 2h] and won 2957 with Two pairs : Queens and 2


Winamax Poker - Tournament "Kill The Fish" buyIn: 2,25€ + 2,25€ + 0,50€ level: 4 - HandId: #673063161020022803-24-1462542289 - Holdem no limit (150/300) - 2016/05/06 13:44:49 UTC
Table: 'Kill The Fish(156709729)#018' 8-max (real money) Seat #3 is the button
Seat 1: Ma Mouille (16770)
Seat 2: Dirlaffaire (8250)
Seat 3: 7BBdeep (11678)
Seat 4: helptolov (8901)
Seat 5: manggy94 (10000)
Seat 6: Robs71160 (31738)
Seat 7: Dim38300 (2957)
Seat 8: Delrio (29731)
*** ANTE/BLINDS ***
helptolov posts small blind 150
manggy94 posts big blind 300
Dealt to manggy94 [Ts 7c]
*** PRE-FLOP *** 
Robs71160 calls 300
Dim38300 raises 2657 to 2957 and is all-in
Delrio folds
Ma Mouille raises 13813 to 16770 and is all-in
Dirlaffaire folds
7BBdeep folds
helptolov folds
manggy94 folds
Robs71160 folds
*** FLOP *** [5c 6h Kh]
*** TURN *** [5c 6h Kh][6c]
*** RIVER *** [5c 6h Kh 6c][Td]
*** SHOW DOWN ***
Dim38300 shows [Jc 8h] (One pair : 6)
Ma Mouille shows [Ad Ks] (Two pairs : Kings and 6)
Ma Mouille collected 20477 from pot
*** SUMMARY ***
Total pot 20477 | No rake
Board: [5c 6h Kh 6c Td]
Seat 1: Ma Mouille showed [Ad Ks] and won 20477 with Two pairs : Kings and 6
Seat 7: Dim38300 showed [Jc 8h] and lost with One pair : 6


Winamax Poker - Tournament "Kill The Fish" buyIn: 2,25€ + 2,25€ + 0,50€ level: 5 - HandId: #673063161020022803-25-1462542338 - Holdem no limit (25/150/300) - 2016/05/06 13:45:38 UTC
Table: 'Kill The Fish(156709729)#018' 8-max (real money) Seat #4 is the button
Seat 1: Ma Mouille (20477)
Seat 2: Dirlaffaire (8250)
Seat 3: 7BBdeep (11678)
Seat 4: helptolov (8751)
Seat 5: manggy94 (9700)
Seat 6: Robs71160 (31438)
Seat 8: Delrio (29731)
*** ANTE/BLINDS ***
manggy94 posts ante 25
Robs71160 posts ante 25
Ma Mouille posts ante 25
Dirlaffaire posts ante 25
7BBdeep posts ante 25
helptolov posts ante 25
Delrio posts ante 25
manggy94 posts small blind 150
Robs71160 posts big blind 300
Dealt to manggy94 [6s Jd]
*** PRE-FLOP *** 
Delrio folds
Ma Mouille folds
Dirlaffaire folds
7BBdeep folds
helptolov folds
manggy94 calls 150
Robs71160 checks
*** FLOP *** [Ts 5d 9s]
manggy94 checks
Robs71160 bets 300
manggy94 folds
Robs71160 collected 1075 from pot
*** SUMMARY ***
Total pot 1075 | No rake
Board: [Ts 5d 9s]
Seat 6: Robs71160 (big blind) won 1075


Winamax Poker - Tournament "Kill The Fish" buyIn: 2,25€ + 2,25€ + 0,50€ level: 5 - HandId: #673063161020022803-26-1462542389 - Holdem no limit (25/150/300) - 2016/05/06 13:46:29 UTC
Table: 'Kill The Fish(156709729)#018' 8-max (real money) Seat #5 is the button
Seat 1: Ma Mouille (20452)
Seat 2: Dirlaffaire (8225)
Seat 3: 7BBdeep (11653)
Seat 4: helptolov (8726)
Seat 5: manggy94 (9375)
Seat 6: Robs71160 (31888)
Seat 7: MAK6Bluff (8625)
Seat 8: Delrio (29706)
*** ANTE/BLINDS ***
Robs71160 posts ante 25
MAK6Bluff posts ante 25
Ma Mouille posts ante 25
Dirlaffaire posts ante 25
7BBdeep posts ante 25
helptolov posts ante 25
manggy94 posts ante 25
Delrio posts ante 25
Robs71160 posts small blind 150
MAK6Bluff posts big blind 300
Dealt to manggy94 [Ad 2c]
*** PRE-FLOP *** 
Delrio folds
Ma Mouille folds
Dirlaffaire raises 300 to 600
7BBdeep folds
helptolov folds
manggy94 folds
Robs71160 folds
MAK6Bluff folds
Dirlaffaire collected 1250 from pot
*** SUMMARY ***
Total pot 1250 | No rake
Seat 2: Dirlaffaire won 1250


Winamax Poker - Tournament "Kill The Fish" buyIn: 2,25€ + 2,25€ + 0,50€ level: 5 - HandId: #673063161020022803-27-1462542443 - Holdem no limit (25/150/300) - 2016/05/06 13:47:23 UTC
Table: 'Kill The Fish(156709729)#018' 8-max (real money) Seat #6 is the button
Seat 1: Ma Mouille (20427)
Seat 2: Dirlaffaire (8850)
Seat 3: 7BBdeep (11628)
Seat 4: helptolov (8701)
Seat 5: manggy94 (9350)
Seat 6: Robs71160 (31713)
Seat 7: MAK6Bluff (8300)
Seat 8: Delrio (29681)
*** ANTE/BLINDS ***
MAK6Bluff posts ante 25
Delrio posts ante 25
Ma Mouille posts ante 25
Dirlaffaire posts ante 25
7BBdeep posts ante 25
helptolov posts ante 25
manggy94 posts ante 25
Robs71160 posts ante 25
MAK6Bluff posts small blind 150
Delrio posts big blind 300
Dealt to manggy94 [7s 3h]
*** PRE-FLOP *** 
Ma Mouille folds
Dirlaffaire folds
7BBdeep folds
helptolov folds
manggy94 folds
Robs71160 raises 600 to 900
MAK6Bluff folds
Delrio folds
Robs71160 collected 1550 from pot
*** SUMMARY ***
Total pot 1550 | No rake
Seat 6: Robs71160 (button) won 1550


Winamax Poker - Tournament "Kill The Fish" buyIn: 2,25€ + 2,25€ + 0,50€ level: 5 - HandId: #673063161020022803-28-1462542489 - Holdem no limit (25/150/300) - 2016/05/06 13:48:09 UTC
Table: 'Kill The Fish(156709729)#018' 8-max (real money) Seat #7 is the button
Seat 1: Ma Mouille (20402)
Seat 2: Dirlaffaire (8825)
Seat 3: 7BBdeep (11603)
Seat 4: helptolov (8676)
Seat 5: manggy94 (9325)
Seat 6: Robs71160 (32338)
Seat 7: MAK6Bluff (8125)
Seat 8: Delrio (29356)
*** ANTE/BLINDS ***
Delrio posts ante 25
Ma Mouille posts ante 25
Dirlaffaire posts ante 25
7BBdeep posts ante 25
helptolov posts ante 25
manggy94 posts ante 25
Robs71160 posts ante 25
MAK6Bluff posts ante 25
Delrio posts small blind 150
Ma Mouille posts big blind 300
Dealt to manggy94 [Jc 8s]
*** PRE-FLOP *** 
Dirlaffaire folds
7BBdeep folds
helptolov calls 300
manggy94 folds
Robs71160 folds
MAK6Bluff folds
Delrio calls 150
Ma Mouille checks
*** FLOP *** [2h Jh Ks]
Delrio checks
Ma Mouille checks
helptolov checks
*** TURN *** [2h Jh Ks][3s]
Delrio checks
Ma Mouille checks
helptolov checks
*** RIVER *** [2h Jh Ks 3s][7d]
Delrio checks
Ma Mouille checks
helptolov checks
*** SHOW DOWN ***
Ma Mouille shows [6s 2s] (One pair : 2)
helptolov shows [8h Th] (High card : King)
Delrio shows [5c 7c] (One pair : 7)
Delrio collected 1100 from pot
*** SUMMARY ***
Total pot 1100 | No rake
Board: [2h Jh Ks 3s 7d]
Seat 1: Ma Mouille (big blind) showed [6s 2s] and lost with One pair : 2
Seat 4: helptolov showed [8h Th] and lost with High card : King
Seat 8: Delrio (small blind) showed [5c 7c] and won 1100 with One pair : 7


Winamax Poker - Tournament "Kill The Fish" buyIn: 2,25€ + 2,25€ + 0,50€ level: 5 - HandId: #673063161020022803-29-1462542611 - Holdem no limit (25/150/300) - 2016/05/06 13:50:11 UTC
Table: 'Kill The Fish(156709729)#018' 8-max (real money) Seat #8 is the button
Seat 1: Ma Mouille (20077)
Seat 2: Dirlaffaire (8800)
Seat 3: 7BBdeep (11578)
Seat 4: helptolov (8351)
Seat 5: manggy94 (9300)
Seat 6: Robs71160 (32313)
Seat 7: MAK6Bluff (8100)
Seat 8: Delrio (30131)
*** ANTE/BLINDS ***
Ma Mouille posts ante 25
Dirlaffaire posts ante 25
7BBdeep posts ante 25
helptolov posts ante 25
manggy94 posts ante 25
Robs71160 posts ante 25
MAK6Bluff posts ante 25
Delrio posts ante 25
Ma Mouille posts small blind 150
Dirlaffaire posts big blind 300
Dealt to manggy94 [9s 7c]
*** PRE-FLOP *** 
7BBdeep folds
helptolov calls 300
manggy94 folds
Robs71160 folds
MAK6Bluff calls 300
Delrio folds
Ma Mouille calls 150
Dirlaffaire raises 8475 to 8775 and is all-in
helptolov folds
MAK6Bluff folds
Ma Mouille calls 8475
*** FLOP *** [3c Ad 5c]
*** TURN *** [3c Ad 5c][6h]
*** RIVER *** [3c Ad 5c 6h][6c]
*** SHOW DOWN ***
Ma Mouille shows [Ah Qh] (Two pairs : Aces and 6)
Dirlaffaire shows [As Qs] (Two pairs : Aces and 6)
Dirlaffaire collected 9175 from pot
Ma Mouille collected 9175 from pot
*** SUMMARY ***
Total pot 18350 | No rake
Board: [3c Ad 5c 6h 6c]
Seat 1: Ma Mouille (small blind) showed [Ah Qh] and won 9175 with Two pairs : Aces and 6
Seat 2: Dirlaffaire (big blind) showed [As Qs] and won 9175 with Two pairs : Aces and 6


Winamax Poker - Tournament "Kill The Fish" buyIn: 2,25€ + 2,25€ + 0,50€ level: 6 - HandId: #673063161020022803-30-1462542661 - Holdem no limit (30/200/400) - 2016/05/06 13:51:01 UTC
Table: 'Kill The Fish(156709729)#018' 8-max (real money) Seat #1 is the button
Seat 1: Ma Mouille (20452)
Seat 2: Dirlaffaire (9175)
Seat 3: 7BBdeep (11553)
Seat 4: helptolov (8026)
Seat 5: manggy94 (9275)
Seat 6: Robs71160 (32288)
Seat 7: MAK6Bluff (7775)
Seat 8: Delrio (30106)
*** ANTE/BLINDS ***
Dirlaffaire posts ante 30
7BBdeep posts ante 30
Ma Mouille posts ante 30
helptolov posts ante 30
manggy94 posts ante 30
Robs71160 posts ante 30
MAK6Bluff posts ante 30
Delrio posts ante 30
Dirlaffaire posts small blind 200
7BBdeep posts big blind 400
Dealt to manggy94 [Tc Ah]
*** PRE-FLOP *** 
helptolov folds
manggy94 raises 1240 to 1640
Robs71160 folds
MAK6Bluff folds
Delrio folds
Ma Mouille folds
Dirlaffaire folds
7BBdeep folds
manggy94 collected 2480 from pot
*** SUMMARY ***
Total pot 2480 | No rake
Seat 5: manggy94 won 2480


Winamax Poker - Tournament "Kill The Fish" buyIn: 2,25€ + 2,25€ + 0,50€ level: 6 - HandId: #673063161020022803-31-1462542700 - Holdem no limit (30/200/400) - 2016/05/06 13:51:40 UTC
Table: 'Kill The Fish(156709729)#018' 8-max (real money) Seat #2 is the button
Seat 1: Ma Mouille (20422)
Seat 2: Dirlaffaire (8945)
Seat 3: 7BBdeep (11123)
Seat 4: helptolov (7996)
Seat 5: manggy94 (10085)
Seat 6: Robs71160 (32258)
Seat 7: MAK6Bluff (7745)
Seat 8: Delrio (30076)
*** ANTE/BLINDS ***
7BBdeep posts ante 30
helptolov posts ante 30
Ma Mouille posts ante 30
Dirlaffaire posts ante 30
manggy94 posts ante 30
Robs71160 posts ante 30
MAK6Bluff posts ante 30
Delrio posts ante 30
7BBdeep posts small blind 200
helptolov posts big blind 400
Dealt to manggy94 [Kh 6s]
*** PRE-FLOP *** 
manggy94 folds
Robs71160 folds
MAK6Bluff folds
Delrio folds
Ma Mouille folds
Dirlaffaire folds
7BBdeep folds
helptolov collected 840 from pot
*** SUMMARY ***
Total pot 840 | No rake
Seat 4: helptolov (big blind) won 840


Winamax Poker - Tournament "Kill The Fish" buyIn: 2,25€ + 2,25€ + 0,50€ level: 6 - HandId: #673063161020022803-32-1462542748 - Holdem no limit (30/200/400) - 2016/05/06 13:52:28 UTC
Table: 'Kill The Fish(156709729)#018' 8-max (real money) Seat #3 is the button
Seat 1: Ma Mouille (20392)
Seat 2: Dirlaffaire (8915)
Seat 3: 7BBdeep (10893)
Seat 4: helptolov (8406)
Seat 5: manggy94 (10055)
Seat 6: Robs71160 (32228)
Seat 7: MAK6Bluff (7715)
Seat 8: Delrio (30046)
*** ANTE/BLINDS ***
helptolov posts ante 30
manggy94 posts ante 30
Ma Mouille posts ante 30
Dirlaffaire posts ante 30
7BBdeep posts ante 30
Robs71160 posts ante 30
MAK6Bluff posts ante 30
Delrio posts ante 30
helptolov posts small blind 200
manggy94 posts big blind 400
Dealt to manggy94 [8d Js]
*** PRE-FLOP *** 
Robs71160 folds
MAK6Bluff calls 400
Delrio folds
Ma Mouille folds
Dirlaffaire folds
7BBdeep raises 740 to 1140
helptolov folds
manggy94 folds
MAK6Bluff calls 740
*** FLOP *** [Ts 6d 6c]
MAK6Bluff checks
7BBdeep bets 1373
MAK6Bluff folds
7BBdeep collected 4493 from pot
*** SUMMARY ***
Total pot 4493 | No rake
Board: [Ts 6d 6c]
Seat 3: 7BBdeep (button) won 4493


Winamax Poker - Tournament "Kill The Fish" buyIn: 2,25€ + 2,25€ + 0,50€ level: 6 - HandId: #673063161020022803-33-1462542789 - Holdem no limit (30/200/400) - 2016/05/06 13:53:09 UTC
Table: 'Kill The Fish(156709729)#018' 8-max (real money) Seat #4 is the button
Seat 1: Ma Mouille (20362)
Seat 2: Dirlaffaire (8885)
Seat 3: 7BBdeep (12843)
Seat 4: helptolov (8176)
Seat 5: manggy94 (9625)
Seat 6: Robs71160 (32198)
Seat 7: MAK6Bluff (6545)
Seat 8: Delrio (30016)
*** ANTE/BLINDS ***
manggy94 posts ante 30
Robs71160 posts ante 30
Ma Mouille posts ante 30
Dirlaffaire posts ante 30
7BBdeep posts ante 30
helptolov posts ante 30
MAK6Bluff posts ante 30
Delrio posts ante 30
manggy94 posts small blind 200
Robs71160 posts big blind 400
Dealt to manggy94 [7h Ac]
*** PRE-FLOP *** 
MAK6Bluff calls 400
Delrio folds
Ma Mouille folds
Dirlaffaire calls 400
7BBdeep folds
helptolov calls 400
manggy94 calls 200
Robs71160 checks
*** FLOP *** [Th 5d 4d]
manggy94 checks
Robs71160 checks
MAK6Bluff checks
Dirlaffaire checks
helptolov checks
*** TURN *** [Th 5d 4d][Td]
manggy94 checks
Robs71160 bets 400
MAK6Bluff folds
Dirlaffaire folds
helptolov folds
manggy94 folds
Robs71160 collected 2640 from pot
*** SUMMARY ***
Total pot 2640 | No rake
Board: [Th 5d 4d Td]
Seat 6: Robs71160 (big blind) won 2640


Winamax Poker - Tournament "Kill The Fish" buyIn: 2,25€ + 2,25€ + 0,50€ level: 6 - HandId: #673063161020022803-34-1462542899 - Holdem no limit (30/200/400) - 2016/05/06 13:54:59 UTC
Table: 'Kill The Fish(156709729)#018' 8-max (real money) Seat #5 is the button
Seat 1: Ma Mouille (20332)
Seat 2: Dirlaffaire (8455)
Seat 3: 7BBdeep (12813)
Seat 4: helptolov (7746)
Seat 5: manggy94 (9195)
Seat 6: Robs71160 (34008)
Seat 7: MAK6Bluff (6115)
Seat 8: Delrio (29986)
*** ANTE/BLINDS ***
Robs71160 posts ante 30
MAK6Bluff posts ante 30
Ma Mouille posts ante 30
Dirlaffaire posts ante 30
7BBdeep posts ante 30
helptolov posts ante 30
manggy94 posts ante 30
Delrio posts ante 30
Robs71160 posts small blind 200
MAK6Bluff posts big blind 400
Dealt to manggy94 [4d 8d]
*** PRE-FLOP *** 
Delrio calls 400
Ma Mouille folds
Dirlaffaire folds
7BBdeep folds
helptolov raises 800 to 1200
manggy94 folds
Robs71160 folds
MAK6Bluff folds
Delrio calls 800
*** FLOP *** [Kh 2s 4c]
Delrio checks
helptolov bets 2430
Delrio folds
helptolov collected 5670 from pot
*** SUMMARY ***
Total pot 5670 | No rake
Board: [Kh 2s 4c]
Seat 4: helptolov won 5670


Winamax Poker - Tournament "Kill The Fish" buyIn: 2,25€ + 2,25€ + 0,50€ level: 6 - HandId: #673063161020022803-35-1462543202 - Holdem no limit (30/200/400) - 2016/05/06 14:00:02 UTC
Table: 'Kill The Fish(156709729)#018' 8-max (real money) Seat #6 is the button
Seat 1: Ma Mouille (20302)
Seat 2: Dirlaffaire (8425)
Seat 3: 7BBdeep (12783)
Seat 4: helptolov (9756)
Seat 5: manggy94 (9165)
Seat 6: Robs71160 (33778)
Seat 7: MAK6Bluff (5685)
Seat 8: Delrio (28756)
*** ANTE/BLINDS ***
MAK6Bluff posts ante 30
Delrio posts ante 30
Ma Mouille posts ante 30
Dirlaffaire posts ante 30
7BBdeep posts ante 30
helptolov posts ante 30
manggy94 posts ante 30
Robs71160 posts ante 30
MAK6Bluff posts small blind 200
Delrio posts big blind 400
Dealt to manggy94 [2d 7d]
*** PRE-FLOP *** 
Ma Mouille folds
Dirlaffaire folds
7BBdeep folds
helptolov calls 400
manggy94 folds
Robs71160 calls 400
MAK6Bluff folds
Delrio checks
*** FLOP *** [Ad 9h 5s]
Delrio checks
helptolov bets 1230
Robs71160 calls 1230
Delrio folds
*** TURN *** [Ad 9h 5s][Qc]
helptolov bets 8096 and is all-in
Robs71160 calls 8096
*** RIVER *** [Ad 9h 5s Qc][3s]
*** SHOW DOWN ***
Robs71160 shows [As 6h] (One pair : Aces)
helptolov shows [9c Ac] (Two pairs : Aces and 9)
helptolov collected 20292 from pot
*** SUMMARY ***
Total pot 20292 | No rake
Board: [Ad 9h 5s Qc 3s]
Seat 4: helptolov showed [9c Ac] and won 20292 with Two pairs : Aces and 9
Seat 6: Robs71160 (button) showed [As 6h] and lost with One pair : Aces


Winamax Poker - Tournament "Kill The Fish" buyIn: 2,25€ + 2,25€ + 0,50€ level: 7 - HandId: #673063161020022803-36-1462543365 - Holdem no limit (40/250/500) - 2016/05/06 14:02:45 UTC
Table: 'Kill The Fish(156709729)#018' 8-max (real money) Seat #7 is the button
Seat 1: Ma Mouille (20272)
Seat 2: Dirlaffaire (8395)
Seat 3: 7BBdeep (12753)
Seat 4: helptolov (20292)
Seat 5: manggy94 (9135)
Seat 6: Robs71160 (24022)
Seat 7: MAK6Bluff (5455)
Seat 8: Delrio (28326)
*** ANTE/BLINDS ***
Delrio posts ante 40
Ma Mouille posts ante 40
Dirlaffaire posts ante 40
7BBdeep posts ante 40
helptolov posts ante 40
manggy94 posts ante 40
Robs71160 posts ante 40
MAK6Bluff posts ante 40
Delrio posts small blind 250
Ma Mouille posts big blind 500
Dealt to manggy94 [9s Js]
*** PRE-FLOP *** 
Dirlaffaire folds
7BBdeep folds
helptolov raises 2000 to 2500
manggy94 calls 2500
Robs71160 folds
MAK6Bluff folds
Delrio folds
Ma Mouille folds
*** FLOP *** [9d 9c 5h]
helptolov bets 17752 and is all-in
manggy94 calls 6595 and is all-in
*** TURN *** [9d 9c 5h][2d]
*** RIVER *** [9d 9c 5h 2d][6c]
*** SHOW DOWN ***
manggy94 shows [9s Js] (Trips of 9)
helptolov shows [Kh Ah] (One pair : 9)
helptolov collected 11157 from side pot 1
manggy94 collected 19260 from main pot
*** SUMMARY ***
Total pot 30417 | No rake
Board: [9d 9c 5h 2d 6c]
Seat 4: helptolov showed [Kh Ah] and won 11157 with One pair : 9
Seat 5: manggy94 showed [9s Js] and won 19260 with Trips of 9


Winamax Poker - Tournament "Kill The Fish" buyIn: 2,25€ + 2,25€ + 0,50€ level: 7 - HandId: #673063161020022803-37-1462543409 - Holdem no limit (40/250/500) - 2016/05/06 14:03:29 UTC
Table: 'Kill The Fish(156709729)#018' 8-max (real money) Seat #8 is the button
Seat 1: Ma Mouille (19732)
Seat 2: Dirlaffaire (8355)
Seat 3: 7BBdeep (12713)
Seat 4: helptolov (11157)
Seat 5: manggy94 (19260)
Seat 6: Robs71160 (23982)
Seat 7: MAK6Bluff (5415)
Seat 8: Delrio (28036)
*** ANTE/BLINDS ***
Ma Mouille posts ante 40
Dirlaffaire posts ante 40
7BBdeep posts ante 40
helptolov posts ante 40
manggy94 posts ante 40
Robs71160 posts ante 40
MAK6Bluff posts ante 40
Delrio posts ante 40
Ma Mouille posts small blind 250
Dirlaffaire posts big blind 500
Dealt to manggy94 [Kd 7d]
*** PRE-FLOP *** 
7BBdeep folds
helptolov folds
manggy94 calls 500
Robs71160 raises 1000 to 1500
MAK6Bluff folds
Delrio folds
Ma Mouille folds
Dirlaffaire folds
manggy94 calls 1000
*** FLOP *** [Qs 2h 8h]
manggy94 bets 2035
Robs71160 calls 2035
*** TURN *** [Qs 2h 8h][4d]
manggy94 checks
Robs71160 bets 6105
manggy94 folds
Robs71160 collected 14245 from pot
*** SUMMARY ***
Total pot 14245 | No rake
Board: [Qs 2h 8h 4d]
Seat 6: Robs71160 won 14245


Winamax Poker - Tournament "Kill The Fish" buyIn: 2,25€ + 2,25€ + 0,50€ level: 7 - HandId: #673063161020022803-38-1462543463 - Holdem no limit (40/250/500) - 2016/05/06 14:04:23 UTC
Table: 'Kill The Fish(156709729)#018' 8-max (real money) Seat #1 is the button
Seat 1: Ma Mouille (19442)
Seat 2: Dirlaffaire (7815)
Seat 3: 7BBdeep (12673)
Seat 4: helptolov (11117)
Seat 5: manggy94 (15685)
Seat 6: Robs71160 (28547)
Seat 7: MAK6Bluff (5375)
Seat 8: Delrio (27996)
*** ANTE/BLINDS ***
Dirlaffaire posts ante 40
7BBdeep posts ante 40
Ma Mouille posts ante 40
helptolov posts ante 40
manggy94 posts ante 40
Robs71160 posts ante 40
MAK6Bluff posts ante 40
Delrio posts ante 40
Dirlaffaire posts small blind 250
7BBdeep posts big blind 500
Dealt to manggy94 [2c 2d]
*** PRE-FLOP *** 
helptolov folds
manggy94 raises 500 to 1000
Robs71160 folds
MAK6Bluff folds
Delrio folds
Ma Mouille folds
Dirlaffaire folds
7BBdeep raises 1850 to 2850
manggy94 raises 6270 to 9120
7BBdeep raises 3513 to 12633 and is all-in
manggy94 calls 3513
*** FLOP *** [As 8h Ah]
*** TURN *** [As 8h Ah][2s]
*** RIVER *** [As 8h Ah 2s][3d]
*** SHOW DOWN ***
7BBdeep shows [Qs Qc] (Two pairs : Aces and Queens)
manggy94 shows [2c 2d] (Full of 2 and Aces)
manggy94 collected 25836 from pot
*** SUMMARY ***
Total pot 25836 | No rake
Board: [As 8h Ah 2s 3d]
Seat 3: 7BBdeep (big blind) showed [Qs Qc] and lost with Two pairs : Aces and Queens
Seat 5: manggy94 showed [2c 2d] and won 25836 with Full of 2 and Aces


Winamax Poker - Tournament "Kill The Fish" buyIn: 2,25€ + 2,25€ + 0,50€ level: 7 - HandId: #673063161020022803-39-1462543504 - Holdem no limit (40/250/500) - 2016/05/06 14:05:04 UTC
Table: 'Kill The Fish(156709729)#018' 8-max (real money) Seat #2 is the button
Seat 1: Ma Mouille (19402)
Seat 2: Dirlaffaire (7525)
Seat 4: helptolov (11077)
Seat 5: manggy94 (28848)
Seat 6: Robs71160 (28507)
Seat 7: MAK6Bluff (5335)
Seat 8: Delrio (27956)
*** ANTE/BLINDS ***
helptolov posts ante 40
Ma Mouille posts ante 40
Dirlaffaire posts ante 40
manggy94 posts ante 40
Robs71160 posts ante 40
MAK6Bluff posts ante 40
Delrio posts ante 40
helptolov posts big blind 500
Dealt to manggy94 [3s Ac]
*** PRE-FLOP *** 
manggy94 calls 500
Robs71160 folds
MAK6Bluff folds
Delrio folds
Ma Mouille calls 500
Dirlaffaire folds
helptolov raises 10537 to 11037 and is all-in
manggy94 folds
Ma Mouille folds
helptolov collected 12317 from pot
*** SUMMARY ***
Total pot 12317 | No rake
Seat 4: helptolov (big blind) won 12317


Winamax Poker - Tournament "Kill The Fish" buyIn: 2,25€ + 2,25€ + 0,50€ level: 7 - HandId: #673063161020022803-40-1462543560 - Holdem no limit (40/250/500) - 2016/05/06 14:06:00 UTC
Table: 'Kill The Fish(156709729)#018' 8-max (real money) Seat #3 is the button
Seat 1: Ma Mouille (18862)
Seat 2: Dirlaffaire (7485)
Seat 3: Guimoot33 (8950)
Seat 4: helptolov (12317)
Seat 5: manggy94 (28308)
Seat 6: Robs71160 (28467)
Seat 7: MAK6Bluff (5295)
Seat 8: Delrio (27916)
*** ANTE/BLINDS ***
helptolov posts ante 40
manggy94 posts ante 40
Ma Mouille posts ante 40
Dirlaffaire posts ante 40
Robs71160 posts ante 40
MAK6Bluff posts ante 40
Delrio posts ante 40
helptolov posts small blind 250
manggy94 posts big blind 500
Dealt to manggy94 [2s 5d]
*** PRE-FLOP *** 
Robs71160 raises 1000 to 1500
MAK6Bluff folds
Delrio folds
Ma Mouille folds
Dirlaffaire calls 1500
helptolov calls 1250
manggy94 folds
*** FLOP *** [Jc 6h 4d]
helptolov checks
Robs71160 bets 5280
Dirlaffaire raises 665 to 5945 and is all-in
helptolov folds
Robs71160 calls 665
*** TURN *** [Jc 6h 4d][9h]
*** RIVER *** [Jc 6h 4d 9h][Ts]
*** SHOW DOWN ***
Robs71160 shows [Ac Js] (One pair : Jacks)
Dirlaffaire shows [Jd Td] (Two pairs : Jacks and Tens)
Dirlaffaire collected 17170 from pot
*** SUMMARY ***
Total pot 17170 | No rake
Board: [Jc 6h 4d 9h Ts]
Seat 2: Dirlaffaire showed [Jd Td] and won 17170 with Two pairs : Jacks and Tens
Seat 6: Robs71160 showed [Ac Js] and lost with One pair : Jacks


Winamax Poker - Tournament "Kill The Fish" buyIn: 2,25€ + 2,25€ + 0,50€ level: 7 - HandId: #673063161020022803-41-1462543654 - Holdem no limit (40/250/500) - 2016/05/06 14:07:34 UTC
Table: 'Kill The Fish(156709729)#018' 8-max (real money) Seat #4 is the button
Seat 1: Ma Mouille (18822)
Seat 2: Dirlaffaire (17170)
Seat 3: Guimoot33 (8950)
Seat 4: helptolov (10777)
Seat 5: manggy94 (27768)
Seat 6: Robs71160 (20982)
Seat 7: MAK6Bluff (5255)
Seat 8: Delrio (27876)
*** ANTE/BLINDS ***
manggy94 posts ante 40
Robs71160 posts ante 40
Ma Mouille posts ante 40
Dirlaffaire posts ante 40
Guimoot33 posts ante 40
helptolov posts ante 40
MAK6Bluff posts ante 40
Delrio posts ante 40
manggy94 posts small blind 250
Robs71160 posts big blind 500
Dealt to manggy94 [9c 5d]
*** PRE-FLOP *** 
MAK6Bluff folds
Delrio folds
Ma Mouille folds
Dirlaffaire folds
Guimoot33 calls 500
helptolov calls 500
manggy94 folds
Robs71160 checks
*** FLOP *** [Ac 3s 8d]
Robs71160 checks
Guimoot33 checks
helptolov checks
*** TURN *** [Ac 3s 8d][Kd]
Robs71160 checks
Guimoot33 checks
helptolov checks
*** RIVER *** [Ac 3s 8d Kd][Ts]
Robs71160 checks
Guimoot33 checks
helptolov checks
*** SHOW DOWN ***
Guimoot33 shows [9h 2h] (High card : Ace)
helptolov shows [7c 6c] (High card : Ace)
Robs71160 shows [Jc 6h] (High card : Ace)
Robs71160 collected 2070 from pot
*** SUMMARY ***
Total pot 2070 | No rake
Board: [Ac 3s 8d Kd Ts]
Seat 3: Guimoot33 showed [9h 2h] and lost with High card : Ace
Seat 4: helptolov (button) showed [7c 6c] and lost with High card : Ace
Seat 6: Robs71160 (big blind) showed [Jc 6h] and won 2070 with High card : Ace


Winamax Poker - Tournament "Kill The Fish" buyIn: 2,25€ + 2,25€ + 0,50€ level: 8 - HandId: #673063161020022803-42-1462543814 - Holdem no limit (60/300/600) - 2016/05/06 14:10:14 UTC
Table: 'Kill The Fish(156709729)#018' 8-max (real money) Seat #5 is the button
Seat 1: Ma Mouille (18782)
Seat 2: Dirlaffaire (17130)
Seat 3: Guimoot33 (8410)
Seat 4: helptolov (10237)
Seat 5: manggy94 (27478)
Seat 6: Robs71160 (22512)
Seat 7: MAK6Bluff (5215)
Seat 8: Delrio (27836)
*** ANTE/BLINDS ***
Robs71160 posts ante 60
MAK6Bluff posts ante 60
Ma Mouille posts ante 60
Dirlaffaire posts ante 60
Guimoot33 posts ante 60
helptolov posts ante 60
manggy94 posts ante 60
Delrio posts ante 60
Robs71160 posts small blind 300
MAK6Bluff posts big blind 600
Dealt to manggy94 [5h 8h]
*** PRE-FLOP *** 
Delrio folds
Ma Mouille folds
Dirlaffaire folds
Guimoot33 raises 7750 to 8350 and is all-in
helptolov folds
manggy94 folds
Robs71160 folds
MAK6Bluff calls 4555 and is all-in
*** FLOP *** [3s 2s 4c]
*** TURN *** [3s 2s 4c][6d]
*** RIVER *** [3s 2s 4c 6d][4d]
*** SHOW DOWN ***
MAK6Bluff shows [Kd Kh] (Two pairs : Kings and 4)
Guimoot33 shows [As 7h] (One pair : 4)
Guimoot33 collected 3195 from side pot 1
MAK6Bluff collected 11090 from main pot
*** SUMMARY ***
Total pot 14285 | No rake
Board: [3s 2s 4c 6d 4d]
Seat 3: Guimoot33 showed [As 7h] and won 3195 with One pair : 4
Seat 7: MAK6Bluff (big blind) showed [Kd Kh] and won 11090 with Two pairs : Kings and 4


Winamax Poker - Tournament "Kill The Fish" buyIn: 2,25€ + 2,25€ + 0,50€ level: 8 - HandId: #673063161020022803-43-1462543852 - Holdem no limit (60/300/600) - 2016/05/06 14:10:52 UTC
Table: 'Kill The Fish(156709729)#018' 8-max (real money) Seat #6 is the button
Seat 1: Ma Mouille (18722)
Seat 2: Dirlaffaire (17070)
Seat 3: Guimoot33 (3195)
Seat 4: helptolov (10177)
Seat 5: manggy94 (27418)
Seat 6: Robs71160 (22152)
Seat 7: MAK6Bluff (11090)
Seat 8: Delrio (27776)
*** ANTE/BLINDS ***
MAK6Bluff posts ante 60
Delrio posts ante 60
Ma Mouille posts ante 60
Dirlaffaire posts ante 60
Guimoot33 posts ante 60
helptolov posts ante 60
manggy94 posts ante 60
Robs71160 posts ante 60
MAK6Bluff posts small blind 300
Delrio posts big blind 600
Dealt to manggy94 [Ts Qh]
*** PRE-FLOP *** 
Ma Mouille folds
Dirlaffaire folds
Guimoot33 calls 600
helptolov raises 1200 to 1800
manggy94 calls 1800
Robs71160 calls 1800
MAK6Bluff folds
Delrio folds
Guimoot33 folds
*** FLOP *** [3d 3h 9d]
helptolov checks
manggy94 checks
Robs71160 checks
*** TURN *** [3d 3h 9d][3c]
helptolov checks
manggy94 bets 3690
Robs71160 folds
helptolov calls 3690
*** RIVER *** [3d 3h 9d 3c][5d]
helptolov bets 4627 and is all-in
manggy94 folds
helptolov collected 19387 from pot
*** SUMMARY ***
Total pot 19387 | No rake
Board: [3d 3h 9d 3c 5d]
Seat 4: helptolov won 19387


Winamax Poker - Tournament "Kill The Fish" buyIn: 2,25€ + 2,25€ + 0,50€ level: 8 - HandId: #673063161020022803-44-1462543972 - Holdem no limit (60/300/600) - 2016/05/06 14:12:52 UTC
Table: 'Kill The Fish(156709729)#018' 8-max (real money) Seat #7 is the button
Seat 1: Ma Mouille (18662)
Seat 2: Dirlaffaire (17010)
Seat 3: Guimoot33 (2535)
Seat 4: helptolov (19387)
Seat 5: manggy94 (21868)
Seat 6: Robs71160 (20292)
Seat 7: MAK6Bluff (10730)
Seat 8: Delrio (27116)
*** ANTE/BLINDS ***
Delrio posts ante 60
Ma Mouille posts ante 60
Dirlaffaire posts ante 60
Guimoot33 posts ante 60
helptolov posts ante 60
manggy94 posts ante 60
Robs71160 posts ante 60
MAK6Bluff posts ante 60
Delrio posts small blind 300
Ma Mouille posts big blind 600
Dealt to manggy94 [7c Ts]
*** PRE-FLOP *** 
Dirlaffaire folds
Guimoot33 raises 600 to 1200
helptolov folds
manggy94 folds
Robs71160 calls 1200
MAK6Bluff calls 1200
Delrio calls 900
Ma Mouille calls 600
*** FLOP *** [Kc Ac 8d]
Delrio checks
Ma Mouille checks
Guimoot33 bets 600
Robs71160 folds
MAK6Bluff calls 600
Delrio calls 600
Ma Mouille folds
*** TURN *** [Kc Ac 8d][As]
Delrio checks
Guimoot33 bets 600
MAK6Bluff calls 600
Delrio calls 600
*** RIVER *** [Kc Ac 8d As][7h]
Delrio checks
Guimoot33 checks
MAK6Bluff checks
*** SHOW DOWN ***
Guimoot33 shows [Jh Qd] (One pair : Aces)
MAK6Bluff shows [7s 8s] (Two pairs : Aces and 8)
Delrio shows [Kd Qc] (Two pairs : Aces and Kings)
Delrio collected 10080 from pot
*** SUMMARY ***
Total pot 10080 | No rake
Board: [Kc Ac 8d As 7h]
Seat 3: Guimoot33 showed [Jh Qd] and lost with One pair : Aces
Seat 7: MAK6Bluff (button) showed [7s 8s] and lost with Two pairs : Aces and 8
Seat 8: Delrio (small blind) showed [Kd Qc] and won 10080 with Two pairs : Aces and Kings


Winamax Poker - Tournament "Kill The Fish" buyIn: 2,25€ + 2,25€ + 0,50€ level: 9 - HandId: #673063161020022803-45-1462544132 - Holdem no limit (75/400/800) - 2016/05/06 14:15:32 UTC
Table: 'Kill The Fish(156709729)#018' 8-max (real money) Seat #8 is the button
Seat 1: Ma Mouille (17402)
Seat 2: Dirlaffaire (16950)
Seat 3: Guimoot33 (75)
Seat 4: helptolov (19327)
Seat 5: manggy94 (21808)
Seat 6: Robs71160 (19032)
Seat 7: MAK6Bluff (8270)
Seat 8: Delrio (34736)
*** ANTE/BLINDS ***
Ma Mouille posts ante 75
Dirlaffaire posts ante 75
Guimoot33 posts ante 75 and is all-in
helptolov posts ante 75
manggy94 posts ante 75
Robs71160 posts ante 75
MAK6Bluff posts ante 75
Delrio posts ante 75
Ma Mouille posts small blind 400
Dirlaffaire posts big blind 800
Dealt to manggy94 [Ts Ah]
*** PRE-FLOP *** 
helptolov folds
manggy94 calls 800
Robs71160 raises 2400 to 3200
MAK6Bluff folds
Delrio folds
Ma Mouille folds
Dirlaffaire folds
manggy94 calls 2400
*** FLOP *** [Js Jh 6d]
manggy94 bets 5467
Robs71160 folds
*** TURN *** [Js Jh 6d][4h]
*** RIVER *** [Js Jh 6d 4h][9d]
*** SHOW DOWN ***
Guimoot33 shows [5h 2d] (One pair : Jacks)
manggy94 shows [Ts Ah] (One pair : Jacks)
manggy94 collected 13667 from pot
*** SUMMARY ***
Total pot 13667 | No rake
Board: [Js Jh 6d 4h 9d]
Seat 3: Guimoot33 showed [5h 2d] and lost with One pair : Jacks
Seat 5: manggy94 showed [Ts Ah] and won 13667 with One pair : Jacks


Winamax Poker - Tournament "Kill The Fish" buyIn: 2,25€ + 2,25€ + 0,50€ level: 9 - HandId: #673063161020022803-46-1462544186 - Holdem no limit (75/400/800) - 2016/05/06 14:16:26 UTC
Table: 'Kill The Fish(156709729)#018' 8-max (real money) Seat #1 is the button
Seat 1: Ma Mouille (16927)
Seat 2: Dirlaffaire (16075)
Seat 4: helptolov (19252)
Seat 5: manggy94 (26733)
Seat 6: Robs71160 (15757)
Seat 7: MAK6Bluff (8195)
Seat 8: Delrio (34661)
*** ANTE/BLINDS ***
Dirlaffaire posts ante 75
helptolov posts ante 75
Ma Mouille posts ante 75
manggy94 posts ante 75
Robs71160 posts ante 75
MAK6Bluff posts ante 75
Delrio posts ante 75
Dirlaffaire posts small blind 400
helptolov posts big blind 800
Dealt to manggy94 [2c 7d]
*** PRE-FLOP *** 
manggy94 folds
Robs71160 calls 800
MAK6Bluff raises 7320 to 8120 and is all-in
Delrio folds
Ma Mouille folds
Dirlaffaire folds
helptolov folds
Robs71160 calls 7320
*** FLOP *** [Kc Qs 8h]
*** TURN *** [Kc Qs 8h][8d]
*** RIVER *** [Kc Qs 8h 8d][Kd]
*** SHOW DOWN ***
Robs71160 shows [9h Jh] (Two pairs : Kings and 8)
MAK6Bluff shows [Ah Qc] (Two pairs : Kings and Queens)
MAK6Bluff collected 17965 from pot
*** SUMMARY ***
Total pot 17965 | No rake
Board: [Kc Qs 8h 8d Kd]
Seat 6: Robs71160 showed [9h Jh] and lost with Two pairs : Kings and 8
Seat 7: MAK6Bluff showed [Ah Qc] and won 17965 with Two pairs : Kings and Queens


Winamax Poker - Tournament "Kill The Fish" buyIn: 2,25€ + 2,25€ + 0,50€ level: 9 - HandId: #673063161020022803-47-1462544232 - Holdem no limit (75/400/800) - 2016/05/06 14:17:12 UTC
Table: 'Kill The Fish(156709729)#018' 8-max (real money) Seat #2 is the button
Seat 1: Ma Mouille (16852)
Seat 2: Dirlaffaire (15600)
Seat 4: helptolov (18377)
Seat 5: manggy94 (26658)
Seat 6: Robs71160 (7562)
Seat 7: MAK6Bluff (17965)
Seat 8: Delrio (34586)
*** ANTE/BLINDS ***
helptolov posts ante 75
manggy94 posts ante 75
Ma Mouille posts ante 75
Dirlaffaire posts ante 75
Robs71160 posts ante 75
MAK6Bluff posts ante 75
Delrio posts ante 75
helptolov posts small blind 400
manggy94 posts big blind 800
Dealt to manggy94 [2h Jh]
*** PRE-FLOP *** 
Robs71160 folds
MAK6Bluff raises 800 to 1600
Delrio folds
Ma Mouille raises 15177 to 16777 and is all-in
Dirlaffaire folds
helptolov folds
manggy94 folds
MAK6Bluff folds
Ma Mouille collected 20102 from pot
*** SUMMARY ***
Total pot 20102 | No rake
Seat 1: Ma Mouille won 20102


Winamax Poker - Tournament "Kill The Fish" buyIn: 2,25€ + 2,25€ + 0,50€ level: 9 - HandId: #673063161020022803-48-1462544253 - Holdem no limit (75/400/800) - 2016/05/06 14:17:33 UTC
Table: 'Kill The Fish(156709729)#018' 8-max (real money) Seat #4 is the button
Seat 1: Ma Mouille (20102)
Seat 2: Dirlaffaire (15525)
Seat 4: helptolov (17902)
Seat 5: manggy94 (25783)
Seat 6: Robs71160 (7487)
Seat 7: MAK6Bluff (16290)
Seat 8: Delrio (34511)
*** ANTE/BLINDS ***
manggy94 posts ante 75
Robs71160 posts ante 75
Ma Mouille posts ante 75
Dirlaffaire posts ante 75
helptolov posts ante 75
MAK6Bluff posts ante 75
Delrio posts ante 75
manggy94 posts small blind 400
Robs71160 posts big blind 800
Dealt to manggy94 [Kh Jd]
*** PRE-FLOP *** 
MAK6Bluff calls 800
Delrio calls 800
Ma Mouille folds
Dirlaffaire folds
helptolov folds
manggy94 raises 800 to 1600
Robs71160 calls 800
MAK6Bluff calls 800
Delrio calls 800
*** FLOP *** [6s 5c 3s]
manggy94 checks
Robs71160 checks
MAK6Bluff checks
Delrio bets 800
manggy94 calls 800
Robs71160 calls 800
MAK6Bluff calls 800
*** TURN *** [6s 5c 3s][Kd]
manggy94 checks
Robs71160 checks
MAK6Bluff checks
Delrio checks
*** RIVER *** [6s 5c 3s Kd][3h]
manggy94 bets 6750
Robs71160 folds
MAK6Bluff folds
Delrio folds
manggy94 collected 16875 from pot
*** SUMMARY ***
Total pot 16875 | No rake
Board: [6s 5c 3s Kd 3h]
Seat 5: manggy94 (small blind) won 16875


Winamax Poker - Tournament "Kill The Fish" buyIn: 2,25€ + 2,25€ + 0,50€ level: 9 - HandId: #673063161020022803-49-1462544329 - Holdem no limit (75/400/800) - 2016/05/06 14:18:49 UTC
Table: 'Kill The Fish(156709729)#018' 8-max (real money) Seat #5 is the button
Seat 1: Ma Mouille (20027)
Seat 2: Dirlaffaire (15450)
Seat 3: zden23 (10200)
Seat 4: helptolov (17827)
Seat 5: manggy94 (33433)
Seat 6: Robs71160 (5012)
Seat 7: MAK6Bluff (13815)
Seat 8: Delrio (32036)
*** ANTE/BLINDS ***
Robs71160 posts ante 75
MAK6Bluff posts ante 75
Ma Mouille posts ante 75
Dirlaffaire posts ante 75
zden23 posts ante 75
helptolov posts ante 75
manggy94 posts ante 75
Delrio posts ante 75
Robs71160 posts small blind 400
MAK6Bluff posts big blind 800
Dealt to manggy94 [5d 9c]
*** PRE-FLOP *** 
Delrio folds
Ma Mouille folds
Dirlaffaire raises 800 to 1600
zden23 folds
helptolov folds
manggy94 folds
Robs71160 folds
MAK6Bluff folds
Dirlaffaire collected 3400 from pot
*** SUMMARY ***
Total pot 3400 | No rake
Seat 2: Dirlaffaire won 3400


Winamax Poker - Tournament "Kill The Fish" buyIn: 2,25€ + 2,25€ + 0,50€ level: 9 - HandId: #673063161020022803-50-1462544366 - Holdem no limit (75/400/800) - 2016/05/06 14:19:26 UTC
Table: 'Kill The Fish(156709729)#018' 8-max (real money) Seat #6 is the button
Seat 1: Ma Mouille (19952)
Seat 2: Dirlaffaire (17175)
Seat 3: zden23 (10125)
Seat 4: helptolov (17752)
Seat 5: manggy94 (33358)
Seat 6: Robs71160 (4537)
Seat 7: MAK6Bluff (12940)
Seat 8: Delrio (31961)
*** ANTE/BLINDS ***
MAK6Bluff posts ante 75
Delrio posts ante 75
Ma Mouille posts ante 75
Dirlaffaire posts ante 75
zden23 posts ante 75
helptolov posts ante 75
manggy94 posts ante 75
Robs71160 posts ante 75
MAK6Bluff posts small blind 400
Delrio posts big blind 800
Dealt to manggy94 [8h Ad]
*** PRE-FLOP *** 
Ma Mouille calls 800
Dirlaffaire folds
zden23 folds
helptolov folds
manggy94 calls 800
Robs71160 raises 3662 to 4462 and is all-in
MAK6Bluff folds
Delrio folds
Ma Mouille calls 3662
manggy94 folds
*** FLOP *** [Qs 7d 2c]
*** TURN *** [Qs 7d 2c][As]
*** RIVER *** [Qs 7d 2c As][9c]
*** SHOW DOWN ***
Robs71160 shows [Jd Kc] (High card : Ace)
Ma Mouille shows [5h 5d] (One pair : 5)
Ma Mouille collected 11524 from pot
*** SUMMARY ***
Total pot 11524 | No rake
Board: [Qs 7d 2c As 9c]
Seat 1: Ma Mouille showed [5h 5d] and won 11524 with One pair : 5
Seat 6: Robs71160 (button) showed [Jd Kc] and lost with High card : Ace


Winamax Poker - Tournament "Kill The Fish" buyIn: 2,25€ + 2,25€ + 0,50€ level: 10 - HandId: #673063161020022803-51-1462544424 - Holdem no limit (100/500/1000) - 2016/05/06 14:20:24 UTC
Table: 'Kill The Fish(156709729)#018' 8-max (real money) Seat #7 is the button
Seat 1: Ma Mouille (26939)
Seat 2: Dirlaffaire (17100)
Seat 3: zden23 (10050)
Seat 4: helptolov (17677)
Seat 5: manggy94 (32483)
Seat 7: MAK6Bluff (12465)
Seat 8: Delrio (31086)
*** ANTE/BLINDS ***
Delrio posts ante 100
Ma Mouille posts ante 100
Dirlaffaire posts ante 100
zden23 posts ante 100
helptolov posts ante 100
manggy94 posts ante 100
MAK6Bluff posts ante 100
Delrio posts small blind 500
Ma Mouille posts big blind 1000
Dealt to manggy94 [9s 9c]
*** PRE-FLOP *** 
Dirlaffaire folds
zden23 folds
helptolov folds
manggy94 raises 3000 to 4000
MAK6Bluff folds
Delrio folds
Ma Mouille folds
manggy94 collected 6200 from pot
*** SUMMARY ***
Total pot 6200 | No rake
Seat 5: manggy94 won 6200


Winamax Poker - Tournament "Kill The Fish" buyIn: 2,25€ + 2,25€ + 0,50€ level: 10 - HandId: #673063161020022803-52-1462544449 - Holdem no limit (100/500/1000) - 2016/05/06 14:20:49 UTC
Table: 'Kill The Fish(156709729)#018' 8-max (real money) Seat #8 is the button
Seat 1: Ma Mouille (25839)
Seat 2: Dirlaffaire (17000)
Seat 3: zden23 (9950)
Seat 4: helptolov (17577)
Seat 5: manggy94 (34583)
Seat 6: vorobeyka7 (21581)
Seat 7: MAK6Bluff (12365)
Seat 8: Delrio (30486)
*** ANTE/BLINDS ***
Ma Mouille posts ante 100
Dirlaffaire posts ante 100
zden23 posts ante 100
helptolov posts ante 100
manggy94 posts ante 100
vorobeyka7 posts ante 100
MAK6Bluff posts ante 100
Delrio posts ante 100
Ma Mouille posts small blind 500
Dirlaffaire posts big blind 1000
Dealt to manggy94 [4d Js]
*** PRE-FLOP *** 
zden23 calls 1000
helptolov folds
manggy94 folds
vorobeyka7 folds
MAK6Bluff folds
Delrio calls 1000
Ma Mouille folds
Dirlaffaire checks
*** FLOP *** [4c Jc Tc]
Dirlaffaire checks
zden23 bets 2867
Delrio folds
Dirlaffaire folds
zden23 collected 7167 from pot
*** SUMMARY ***
Total pot 7167 | No rake
Board: [4c Jc Tc]
Seat 3: zden23 won 7167


Winamax Poker - Tournament "Kill The Fish" buyIn: 2,25€ + 2,25€ + 0,50€ level: 10 - HandId: #673063161020022803-53-1462544522 - Holdem no limit (100/500/1000) - 2016/05/06 14:22:02 UTC
Table: 'Kill The Fish(156709729)#018' 8-max (real money) Seat #1 is the button
Seat 1: Ma Mouille (25239)
Seat 2: Dirlaffaire (15900)
Seat 3: zden23 (13150)
Seat 4: helptolov (17477)
Seat 5: manggy94 (34483)
Seat 6: vorobeyka7 (21481)
Seat 7: MAK6Bluff (12265)
Seat 8: Delrio (29386)
*** ANTE/BLINDS ***
Dirlaffaire posts ante 100
zden23 posts ante 100
Ma Mouille posts ante 100
helptolov posts ante 100
manggy94 posts ante 100
vorobeyka7 posts ante 100
MAK6Bluff posts ante 100
Delrio posts ante 100
Dirlaffaire posts small blind 500
zden23 posts big blind 1000
Dealt to manggy94 [Jd 6d]
*** PRE-FLOP *** 
helptolov folds
manggy94 calls 1000
vorobeyka7 folds
MAK6Bluff folds
Delrio folds
Ma Mouille folds
Dirlaffaire calls 500
zden23 checks
*** FLOP *** [7d 7h Qc]
Dirlaffaire checks
zden23 checks
manggy94 bets 1900
Dirlaffaire folds
zden23 calls 1900
*** TURN *** [7d 7h Qc][4d]
zden23 checks
manggy94 bets 3800
zden23 raises 3800 to 7600
manggy94 calls 3800
*** RIVER *** [7d 7h Qc 4d][Ah]
zden23 bets 2550 and is all-in
manggy94 folds
zden23 collected 25350 from pot
*** SUMMARY ***
Total pot 25350 | No rake
Board: [7d 7h Qc 4d Ah]
Seat 3: zden23 (big blind) won 25350


Winamax Poker - Tournament "Kill The Fish" buyIn: 2,25€ + 2,25€ + 0,50€ level: 10 - HandId: #673063161020022797-64-1462544634 - Holdem no limit (100/500/1000) - 2016/05/06 14:23:54 UTC
Table: 'Kill The Fish(156709729)#012' 8-max (real money) Seat #3 is the button
Seat 1: la gangsters (11885)
Seat 2: ineedyalove (7925)
Seat 3: jujuthi86 (26532)
Seat 4: Dune78 (15118)
Seat 5: manggy94 (23883)
Seat 6: Forza.italia (16402)
Seat 7: kyrbi (18440)
Seat 8: samuuus (55498)
*** ANTE/BLINDS ***
Dune78 posts ante 100
manggy94 posts ante 100
la gangsters posts ante 100
ineedyalove posts ante 100
jujuthi86 posts ante 100
Forza.italia posts ante 100
kyrbi posts ante 100
samuuus posts ante 100
Dune78 posts small blind 500
manggy94 posts big blind 1000
Dealt to manggy94 [5c 2d]
*** PRE-FLOP *** 
Forza.italia folds
kyrbi folds
samuuus raises 1500 to 2500
la gangsters folds
ineedyalove folds
jujuthi86 folds
Dune78 folds
manggy94 folds
samuuus collected 4800 from pot
*** SUMMARY ***
Total pot 4800 | No rake
Seat 8: samuuus won 4800


Winamax Poker - Tournament "Kill The Fish" buyIn: 2,25€ + 2,25€ + 0,50€ level: 10 - HandId: #673063161020022797-65-1462544668 - Holdem no limit (100/500/1000) - 2016/05/06 14:24:28 UTC
Table: 'Kill The Fish(156709729)#012' 8-max (real money) Seat #4 is the button
Seat 1: la gangsters (11785)
Seat 2: ineedyalove (7825)
Seat 3: jujuthi86 (26432)
Seat 4: Dune78 (14518)
Seat 5: manggy94 (22783)
Seat 6: Forza.italia (16302)
Seat 7: kyrbi (18340)
Seat 8: samuuus (57698)
*** ANTE/BLINDS ***
manggy94 posts ante 100
Forza.italia posts ante 100
la gangsters posts ante 100
ineedyalove posts ante 100
jujuthi86 posts ante 100
Dune78 posts ante 100
kyrbi posts ante 100
samuuus posts ante 100
manggy94 posts small blind 500
Forza.italia posts big blind 1000
Dealt to manggy94 [3d 6s]
*** PRE-FLOP *** 
kyrbi raises 1330 to 2330
samuuus folds
la gangsters folds
ineedyalove folds
jujuthi86 folds
Dune78 folds
manggy94 folds
Forza.italia calls 1330
*** FLOP *** [Ac Kc 7h]
Forza.italia checks
kyrbi bets 3099
Forza.italia calls 3099
*** TURN *** [Ac Kc 7h][5s]
Forza.italia checks
kyrbi bets 12811 and is all-in
Forza.italia folds
kyrbi collected 24969 from pot
*** SUMMARY ***
Total pot 24969 | No rake
Board: [Ac Kc 7h 5s]
Seat 7: kyrbi won 24969


Winamax Poker - Tournament "Kill The Fish" buyIn: 2,25€ + 2,25€ + 0,50€ level: 10 - HandId: #673063161020022797-66-1462544707 - Holdem no limit (100/500/1000) - 2016/05/06 14:25:07 UTC
Table: 'Kill The Fish(156709729)#012' 8-max (real money) Seat #5 is the button
Seat 1: la gangsters (11685)
Seat 2: ineedyalove (7725)
Seat 3: jujuthi86 (26332)
Seat 4: Dune78 (14418)
Seat 5: manggy94 (22183)
Seat 6: Forza.italia (10773)
Seat 7: kyrbi (24969)
Seat 8: samuuus (57598)
*** ANTE/BLINDS ***
Forza.italia posts ante 100
kyrbi posts ante 100
la gangsters posts ante 100
ineedyalove posts ante 100
jujuthi86 posts ante 100
Dune78 posts ante 100
manggy94 posts ante 100
samuuus posts ante 100
Forza.italia posts small blind 500
kyrbi posts big blind 1000
Dealt to manggy94 [9c 9h]
*** PRE-FLOP *** 
samuuus calls 1000
la gangsters folds
ineedyalove folds
jujuthi86 folds
Dune78 folds
manggy94 raises 4300 to 5300
Forza.italia folds
kyrbi folds
samuuus calls 4300
*** FLOP *** [3h Qc 4s]
samuuus checks
manggy94 bets 6450
samuuus raises 25800 to 32250
manggy94 calls 10333 and is all-in
*** TURN *** [3h Qc 4s][9s]
*** RIVER *** [3h Qc 4s 9s][4h]
*** SHOW DOWN ***
manggy94 shows [9c 9h] (Full of 9 and 4)
samuuus shows [5s As] (One pair : 4)
samuuus collected 15467 from side pot 1
manggy94 collected 46466 from main pot
*** SUMMARY ***
Total pot 61933 | No rake
Board: [3h Qc 4s 9s 4h]
Seat 5: manggy94 (button) showed [9c 9h] and won 46466 with Full of 9 and 4
Seat 8: samuuus showed [5s As] and won 15467 with One pair : 4


Winamax Poker - Tournament "Kill The Fish" buyIn: 2,25€ + 2,25€ + 0,50€ level: 10 - HandId: #673063161020022797-67-1462544750 - Holdem no limit (100/500/1000) - 2016/05/06 14:25:50 UTC
Table: 'Kill The Fish(156709729)#012' 8-max (real money) Seat #6 is the button
Seat 1: la gangsters (11585)
Seat 2: ineedyalove (7625)
Seat 3: jujuthi86 (26232)
Seat 4: Dune78 (14318)
Seat 5: manggy94 (46466)
Seat 6: Forza.italia (10173)
Seat 7: kyrbi (23869)
Seat 8: samuuus (35415)
*** ANTE/BLINDS ***
kyrbi posts ante 100
samuuus posts ante 100
la gangsters posts ante 100
ineedyalove posts ante 100
jujuthi86 posts ante 100
Dune78 posts ante 100
manggy94 posts ante 100
Forza.italia posts ante 100
kyrbi posts small blind 500
samuuus posts big blind 1000
Dealt to manggy94 [3c Qd]
*** PRE-FLOP *** 
la gangsters calls 1000
ineedyalove raises 6525 to 7525 and is all-in
jujuthi86 folds
Dune78 raises 6693 to 14218 and is all-in
manggy94 folds
Forza.italia folds
kyrbi folds
samuuus raises 21097 to 35315 and is all-in
la gangsters folds
*** FLOP *** [8d Td 9s]
*** TURN *** [8d Td 9s][As]
*** RIVER *** [8d Td 9s As][5d]
*** SHOW DOWN ***
ineedyalove shows [5h 5s] (Trips of 5)
Dune78 shows [Ts Tc] (Trips of Tens)
samuuus shows [Ad Kd] (Flush Ace high)
samuuus collected 59358 from pot
*** SUMMARY ***
Total pot 59358 | No rake
Board: [8d Td 9s As 5d]
Seat 2: ineedyalove showed [5h 5s] and lost with Trips of 5
Seat 4: Dune78 showed [Ts Tc] and lost with Trips of Tens
Seat 8: samuuus (big blind) showed [Ad Kd] and won 59358 with Flush Ace high


Winamax Poker - Tournament "Kill The Fish" buyIn: 2,25€ + 2,25€ + 0,50€ level: 11 - HandId: #673063161020022797-68-1462544825 - Holdem no limit (150/600/1200) - 2016/05/06 14:27:05 UTC
Table: 'Kill The Fish(156709729)#012' 8-max (real money) Seat #7 is the button
Seat 1: la gangsters (10485)
Seat 3: jujuthi86 (26132)
Seat 5: manggy94 (46366)
Seat 6: Forza.italia (10073)
Seat 7: kyrbi (23269)
Seat 8: samuuus (59358)
*** ANTE/BLINDS ***
samuuus posts ante 150
la gangsters posts ante 150
jujuthi86 posts ante 150
manggy94 posts ante 150
Forza.italia posts ante 150
kyrbi posts ante 150
samuuus posts small blind 600
la gangsters posts big blind 1200
Dealt to manggy94 [Jd Kc]
*** PRE-FLOP *** 
jujuthi86 folds
manggy94 calls 1200
Forza.italia raises 8723 to 9923 and is all-in
kyrbi folds
samuuus folds
la gangsters folds
manggy94 calls 8723
*** FLOP *** [Qc 4s Qd]
*** TURN *** [Qc 4s Qd][Ks]
*** RIVER *** [Qc 4s Qd Ks][4c]
*** SHOW DOWN ***
Forza.italia shows [5s Js] (Two pairs : Queens and 4)
manggy94 shows [Jd Kc] (Two pairs : Kings and Queens)
manggy94 collected 22546 from pot
*** SUMMARY ***
Total pot 22546 | No rake
Board: [Qc 4s Qd Ks 4c]
Seat 5: manggy94 showed [Jd Kc] and won 22546 with Two pairs : Kings and Queens
Seat 6: Forza.italia showed [5s Js] and lost with Two pairs : Queens and 4


Winamax Poker - Tournament "Kill The Fish" buyIn: 2,25€ + 2,25€ + 0,50€ level: 11 - HandId: #673063161020022797-69-1462544854 - Holdem no limit (150/600/1200) - 2016/05/06 14:27:34 UTC
Table: 'Kill The Fish(156709729)#012' 8-max (real money) Seat #8 is the button
Seat 1: la gangsters (9135)
Seat 2: EMMADAME (77314)
Seat 3: jujuthi86 (25982)
Seat 4: lulu2956 (24421)
Seat 5: manggy94 (58839)
Seat 7: kyrbi (23119)
Seat 8: samuuus (58608)
*** ANTE/BLINDS ***
la gangsters posts ante 150
EMMADAME posts ante 150
jujuthi86 posts ante 150
lulu2956 posts ante 150
manggy94 posts ante 150
kyrbi posts ante 150
samuuus posts ante 150
la gangsters posts small blind 600
EMMADAME posts big blind 1200
Dealt to manggy94 [Jh 6c]
*** PRE-FLOP *** 
jujuthi86 folds
lulu2956 calls 1200
manggy94 folds
kyrbi folds
samuuus calls 1200
la gangsters folds
EMMADAME checks
*** FLOP *** [8d 7d 8s]
EMMADAME checks
lulu2956 checks
samuuus bets 1800
EMMADAME calls 1800
lulu2956 folds
*** TURN *** [8d 7d 8s][As]
EMMADAME checks
samuuus bets 1800
EMMADAME calls 1800
*** RIVER *** [8d 7d 8s As][4c]
EMMADAME checks
samuuus bets 1800
EMMADAME folds
samuuus collected 14250 from pot
*** SUMMARY ***
Total pot 14250 | No rake
Board: [8d 7d 8s As 4c]
Seat 8: samuuus (button) won 14250


Winamax Poker - Tournament "Kill The Fish" buyIn: 2,25€ + 2,25€ + 0,50€ level: 11 - HandId: #673063161020022797-70-1462544951 - Holdem no limit (150/600/1200) - 2016/05/06 14:29:11 UTC
Table: 'Kill The Fish(156709729)#012' 8-max (real money) Seat #1 is the button
Seat 1: la gangsters (8385)
Seat 2: EMMADAME (72364)
Seat 3: jujuthi86 (25832)
Seat 4: lulu2956 (23071)
Seat 5: manggy94 (58689)
Seat 7: kyrbi (22969)
Seat 8: samuuus (66108)
*** ANTE/BLINDS ***
EMMADAME posts ante 150
jujuthi86 posts ante 150
la gangsters posts ante 150
lulu2956 posts ante 150
manggy94 posts ante 150
kyrbi posts ante 150
samuuus posts ante 150
EMMADAME posts small blind 600
jujuthi86 posts big blind 1200
Dealt to manggy94 [6d Th]
*** PRE-FLOP *** 
lulu2956 folds
manggy94 folds
kyrbi folds
samuuus raises 1200 to 2400
la gangsters folds
EMMADAME folds
jujuthi86 raises 23282 to 25682 and is all-in
samuuus folds
jujuthi86 collected 29732 from pot
*** SUMMARY ***
Total pot 29732 | No rake
Seat 3: jujuthi86 (big blind) won 29732


Winamax Poker - Tournament "Kill The Fish" buyIn: 2,25€ + 2,25€ + 0,50€ level: 11 - HandId: #673063161020022797-71-1462544992 - Holdem no limit (150/600/1200) - 2016/05/06 14:29:52 UTC
Table: 'Kill The Fish(156709729)#012' 8-max (real money) Seat #2 is the button
Seat 1: la gangsters (8235)
Seat 2: EMMADAME (71614)
Seat 3: jujuthi86 (29732)
Seat 4: lulu2956 (22921)
Seat 5: manggy94 (58539)
Seat 7: kyrbi (22819)
Seat 8: samuuus (63558)
*** ANTE/BLINDS ***
jujuthi86 posts ante 150
lulu2956 posts ante 150
la gangsters posts ante 150
EMMADAME posts ante 150
manggy94 posts ante 150
kyrbi posts ante 150
samuuus posts ante 150
jujuthi86 posts small blind 600
lulu2956 posts big blind 1200
Dealt to manggy94 [9h 8s]
*** PRE-FLOP *** 
manggy94 folds
kyrbi folds
samuuus folds
la gangsters folds
EMMADAME calls 1200
jujuthi86 calls 600
lulu2956 checks
*** FLOP *** [5c 4d 3s]
jujuthi86 checks
lulu2956 checks
EMMADAME checks
*** TURN *** [5c 4d 3s][9s]
jujuthi86 checks
lulu2956 checks
EMMADAME checks
*** RIVER *** [5c 4d 3s 9s][2c]
jujuthi86 checks
lulu2956 checks
EMMADAME bets 1200
jujuthi86 folds
lulu2956 folds
EMMADAME collected 5850 from pot
*** SUMMARY ***
Total pot 5850 | No rake
Board: [5c 4d 3s 9s 2c]
Seat 2: EMMADAME (button) won 5850


Winamax Poker - Tournament "Kill The Fish" buyIn: 2,25€ + 2,25€ + 0,50€ level: 11 - HandId: #673063161020022797-72-1462545052 - Holdem no limit (150/600/1200) - 2016/05/06 14:30:52 UTC
Table: 'Kill The Fish(156709729)#012' 8-max (real money) Seat #3 is the button
Seat 1: la gangsters (8085)
Seat 2: EMMADAME (74914)
Seat 3: jujuthi86 (28382)
Seat 4: lulu2956 (21571)
Seat 5: manggy94 (58389)
Seat 7: kyrbi (22669)
Seat 8: samuuus (63408)
*** ANTE/BLINDS ***
lulu2956 posts ante 150
manggy94 posts ante 150
la gangsters posts ante 150
EMMADAME posts ante 150
jujuthi86 posts ante 150
kyrbi posts ante 150
samuuus posts ante 150
lulu2956 posts small blind 600
manggy94 posts big blind 1200
Dealt to manggy94 [4h Kd]
*** PRE-FLOP *** 
kyrbi folds
samuuus folds
la gangsters folds
EMMADAME calls 1200
jujuthi86 folds
lulu2956 raises 1200 to 2400
manggy94 calls 1200
EMMADAME calls 1200
*** FLOP *** [9d 5d Kh]
lulu2956 bets 2925
manggy94 calls 2925
EMMADAME folds
*** TURN *** [9d 5d Kh][8h]
lulu2956 bets 1200
manggy94 calls 1200
*** RIVER *** [9d 5d Kh 8h][Jd]
lulu2956 bets 1200
manggy94 calls 1200
*** SHOW DOWN ***
lulu2956 shows [Th Td] (One pair : Tens)
manggy94 shows [4h Kd] (One pair : Kings)
manggy94 collected 18900 from pot
*** SUMMARY ***
Total pot 18900 | No rake
Board: [9d 5d Kh 8h Jd]
Seat 4: lulu2956 (small blind) showed [Th Td] and lost with One pair : Tens
Seat 5: manggy94 (big blind) showed [4h Kd] and won 18900 with One pair : Kings


Winamax Poker - Tournament "Kill The Fish" buyIn: 2,25€ + 2,25€ + 0,50€ level: 11 - HandId: #673063161020022797-73-1462545103 - Holdem no limit (150/600/1200) - 2016/05/06 14:31:43 UTC
Table: 'Kill The Fish(156709729)#012' 8-max (real money) Seat #4 is the button
Seat 1: la gangsters (7935)
Seat 2: EMMADAME (72364)
Seat 3: jujuthi86 (28232)
Seat 4: lulu2956 (13696)
Seat 5: manggy94 (69414)
Seat 6: Gottobe73100 (4497)
Seat 7: kyrbi (22519)
Seat 8: samuuus (63258)
*** ANTE/BLINDS ***
manggy94 posts ante 150
Gottobe73100 posts ante 150
la gangsters posts ante 150
EMMADAME posts ante 150
jujuthi86 posts ante 150
lulu2956 posts ante 150
kyrbi posts ante 150
samuuus posts ante 150
manggy94 posts small blind 600
Gottobe73100 posts big blind 1200
Dealt to manggy94 [3s Qc]
*** PRE-FLOP *** 
kyrbi folds
samuuus folds
la gangsters folds
EMMADAME raises 1200 to 2400
jujuthi86 folds
lulu2956 folds
manggy94 folds
Gottobe73100 folds
EMMADAME collected 5400 from pot
*** SUMMARY ***
Total pot 5400 | No rake
Seat 2: EMMADAME won 5400


Winamax Poker - Tournament "Kill The Fish" buyIn: 2,25€ + 2,25€ + 0,50€ level: 12 - HandId: #673063161020022797-74-1462545152 - Holdem no limit (180/800/1600) - 2016/05/06 14:32:32 UTC
Table: 'Kill The Fish(156709729)#012' 8-max (real money) Seat #5 is the button
Seat 1: la gangsters (7785)
Seat 2: EMMADAME (75214)
Seat 3: jujuthi86 (28082)
Seat 4: lulu2956 (13546)
Seat 5: manggy94 (68664)
Seat 6: Gottobe73100 (3147)
Seat 7: kyrbi (22369)
Seat 8: samuuus (63108)
*** ANTE/BLINDS ***
Gottobe73100 posts ante 180
kyrbi posts ante 180
la gangsters posts ante 180
EMMADAME posts ante 180
jujuthi86 posts ante 180
lulu2956 posts ante 180
manggy94 posts ante 180
samuuus posts ante 180
Gottobe73100 posts small blind 800
kyrbi posts big blind 1600
Dealt to manggy94 [6c 5d]
*** PRE-FLOP *** 
samuuus folds
la gangsters raises 6005 to 7605 and is all-in
EMMADAME folds
jujuthi86 folds
lulu2956 folds
manggy94 folds
Gottobe73100 folds
kyrbi folds
la gangsters collected 11445 from pot
*** SUMMARY ***
Total pot 11445 | No rake
Seat 1: la gangsters won 11445


Winamax Poker - Tournament "Kill The Fish" buyIn: 2,25€ + 2,25€ + 0,50€ level: 12 - HandId: #673063161020022797-75-1462545201 - Holdem no limit (180/800/1600) - 2016/05/06 14:33:21 UTC
Table: 'Kill The Fish(156709729)#012' 8-max (real money) Seat #6 is the button
Seat 1: la gangsters (11445)
Seat 2: EMMADAME (75034)
Seat 3: jujuthi86 (27902)
Seat 4: lulu2956 (13366)
Seat 5: manggy94 (68484)
Seat 6: Gottobe73100 (2167)
Seat 7: kyrbi (20589)
Seat 8: samuuus (62928)
*** ANTE/BLINDS ***
kyrbi posts ante 180
samuuus posts ante 180
la gangsters posts ante 180
EMMADAME posts ante 180
jujuthi86 posts ante 180
lulu2956 posts ante 180
manggy94 posts ante 180
Gottobe73100 posts ante 180
kyrbi posts small blind 800
samuuus posts big blind 1600
Dealt to manggy94 [3s 5s]
*** PRE-FLOP *** 
la gangsters folds
EMMADAME folds
jujuthi86 folds
lulu2956 calls 1600
manggy94 folds
Gottobe73100 raises 387 to 1987 and is all-in
kyrbi calls 1187
samuuus calls 387
lulu2956 calls 387
*** FLOP *** [4h Kd 4s]
kyrbi checks
samuuus checks
lulu2956 checks
*** TURN *** [4h Kd 4s][8d]
kyrbi checks
samuuus checks
lulu2956 checks
*** RIVER *** [4h Kd 4s 8d][8s]
kyrbi checks
samuuus checks
lulu2956 checks
*** SHOW DOWN ***
lulu2956 shows [5c As] (Two pairs : 8 and 4)
kyrbi shows [Th 7s] (Two pairs : 8 and 4)
samuuus shows [7h 2d] (Two pairs : 8 and 4)
Gottobe73100 shows [Kc Qd] (Two pairs : Kings and 8)
Gottobe73100 collected 9388 from pot
*** SUMMARY ***
Total pot 9388 | No rake
Board: [4h Kd 4s 8d 8s]
Seat 4: lulu2956 showed [5c As] and lost with Two pairs : 8 and 4
Seat 6: Gottobe73100 (button) showed [Kc Qd] and won 9388 with Two pairs : Kings and 8
Seat 7: kyrbi (small blind) showed [Th 7s] and lost with Two pairs : 8 and 4
Seat 8: samuuus (big blind) showed [7h 2d] and lost with Two pairs : 8 and 4


Winamax Poker - Tournament "Kill The Fish" buyIn: 2,25€ + 2,25€ + 0,50€ level: 12 - HandId: #673063161020022797-76-1462545250 - Holdem no limit (180/800/1600) - 2016/05/06 14:34:10 UTC
Table: 'Kill The Fish(156709729)#012' 8-max (real money) Seat #7 is the button
Seat 1: la gangsters (11265)
Seat 3: jujuthi86 (27722)
Seat 4: lulu2956 (11199)
Seat 5: manggy94 (68304)
Seat 6: Gottobe73100 (9388)
Seat 7: kyrbi (18422)
Seat 8: samuuus (60761)
*** ANTE/BLINDS ***
samuuus posts ante 180
la gangsters posts ante 180
jujuthi86 posts ante 180
lulu2956 posts ante 180
manggy94 posts ante 180
Gottobe73100 posts ante 180
kyrbi posts ante 180
samuuus posts small blind 800
la gangsters posts big blind 1600
Dealt to manggy94 [Qd 4h]
*** PRE-FLOP *** 
jujuthi86 folds
lulu2956 calls 1600
manggy94 folds
Gottobe73100 folds
kyrbi folds
samuuus folds
la gangsters checks
*** FLOP *** [Jd 9s Ac]
la gangsters bets 2630
lulu2956 folds
la gangsters collected 7890 from pot
*** SUMMARY ***
Total pot 7890 | No rake
Board: [Jd 9s Ac]
Seat 1: la gangsters (big blind) won 7890


Winamax Poker - Tournament "Kill The Fish" buyIn: 2,25€ + 2,25€ + 0,50€ level: 12 - HandId: #673063161020022797-77-1462545293 - Holdem no limit (180/800/1600) - 2016/05/06 14:34:53 UTC
Table: 'Kill The Fish(156709729)#012' 8-max (real money) Seat #8 is the button
Seat 1: la gangsters (14745)
Seat 3: jujuthi86 (27542)
Seat 4: lulu2956 (9419)
Seat 5: manggy94 (68124)
Seat 6: Gottobe73100 (9208)
Seat 7: kyrbi (18242)
Seat 8: samuuus (59781)
*** ANTE/BLINDS ***
la gangsters posts ante 180
jujuthi86 posts ante 180
lulu2956 posts ante 180
manggy94 posts ante 180
Gottobe73100 posts ante 180
kyrbi posts ante 180
samuuus posts ante 180
la gangsters posts small blind 800
jujuthi86 posts big blind 1600
Dealt to manggy94 [Kh As]
*** PRE-FLOP *** 
lulu2956 calls 1600
manggy94 raises 4800 to 6400
Gottobe73100 folds
kyrbi folds
samuuus folds
la gangsters folds
jujuthi86 folds
lulu2956 raises 2839 to 9239 and is all-in
manggy94 calls 2839
*** FLOP *** [3h 8d Ts]
*** TURN *** [3h 8d Ts][2d]
*** RIVER *** [3h 8d Ts 2d][Kd]
*** SHOW DOWN ***
lulu2956 shows [Kc Jc] (One pair : Kings)
manggy94 shows [Kh As] (One pair : Kings)
manggy94 collected 22138 from pot
*** SUMMARY ***
Total pot 22138 | No rake
Board: [3h 8d Ts 2d Kd]
Seat 4: lulu2956 showed [Kc Jc] and lost with One pair : Kings
Seat 5: manggy94 showed [Kh As] and won 22138 with One pair : Kings


Winamax Poker - Tournament "Kill The Fish" buyIn: 2,25€ + 2,25€ + 0,50€ level: 12 - HandId: #673063161020022797-78-1462545332 - Holdem no limit (180/800/1600) - 2016/05/06 14:35:32 UTC
Table: 'Kill The Fish(156709729)#012' 8-max (real money) Seat #1 is the button
Seat 1: la gangsters (13765)
Seat 3: jujuthi86 (25762)
Seat 5: manggy94 (80843)
Seat 6: Gottobe73100 (9028)
Seat 7: kyrbi (18062)
Seat 8: samuuus (59601)
*** ANTE/BLINDS ***
jujuthi86 posts ante 180
manggy94 posts ante 180
la gangsters posts ante 180
Gottobe73100 posts ante 180
kyrbi posts ante 180
samuuus posts ante 180
jujuthi86 posts small blind 800
manggy94 posts big blind 1600
Dealt to manggy94 [6h 3s]
*** PRE-FLOP *** 
Gottobe73100 folds
kyrbi folds
samuuus raises 1600 to 3200
la gangsters folds
jujuthi86 raises 4800 to 8000
manggy94 folds
samuuus calls 4800
*** FLOP *** [6c Td Kd]
jujuthi86 checks
samuuus checks
*** TURN *** [6c Td Kd][Jd]
jujuthi86 bets 6400
samuuus folds
jujuthi86 collected 25080 from pot
*** SUMMARY ***
Total pot 25080 | No rake
Board: [6c Td Kd Jd]
Seat 3: jujuthi86 (small blind) won 25080


Winamax Poker - Tournament "Kill The Fish" buyIn: 2,25€ + 2,25€ + 0,50€ level: 12 - HandId: #673063161020022797-79-1462545382 - Holdem no limit (180/800/1600) - 2016/05/06 14:36:22 UTC
Table: 'Kill The Fish(156709729)#012' 8-max (real money) Seat #3 is the button
Seat 1: la gangsters (13585)
Seat 3: jujuthi86 (36262)
Seat 4: livyordrim22 (79680)
Seat 5: manggy94 (79063)
Seat 6: Gottobe73100 (8848)
Seat 7: kyrbi (17882)
Seat 8: samuuus (51421)
*** ANTE/BLINDS ***
manggy94 posts ante 180
Gottobe73100 posts ante 180
la gangsters posts ante 180
jujuthi86 posts ante 180
kyrbi posts ante 180
samuuus posts ante 180
manggy94 posts small blind 800
Gottobe73100 posts big blind 1600
Dealt to manggy94 [5s 7s]
*** PRE-FLOP *** 
kyrbi folds
samuuus calls 1600
la gangsters folds
jujuthi86 folds
manggy94 calls 800
Gottobe73100 folds
*** FLOP *** [6s Qd 4d]
manggy94 checks
samuuus bets 2400
manggy94 calls 2400
*** TURN *** [6s Qd 4d][6c]
manggy94 checks
samuuus bets 4000
manggy94 calls 4000
*** RIVER *** [6s Qd 4d 6c][3d]
manggy94 bets 12453
samuuus calls 12453
*** SHOW DOWN ***
samuuus shows [Qc Kh] (Two pairs : Queens and 6)
manggy94 shows [5s 7s] (Straight 7 high)
manggy94 collected 43586 from pot
*** SUMMARY ***
Total pot 43586 | No rake
Board: [6s Qd 4d 6c 3d]
Seat 5: manggy94 (small blind) showed [5s 7s] and won 43586 with Straight 7 high
Seat 8: samuuus showed [Qc Kh] and lost with Two pairs : Queens and 6


Winamax Poker - Tournament "Kill The Fish" buyIn: 2,25€ + 2,25€ + 0,50€ level: 12 - HandId: #673063161020022797-80-1462545464 - Holdem no limit (180/800/1600) - 2016/05/06 14:37:44 UTC
Table: 'Kill The Fish(156709729)#012' 8-max (real money) Seat #5 is the button
Seat 1: la gangsters (13405)
Seat 3: jujuthi86 (36082)
Seat 4: livyordrim22 (79680)
Seat 5: manggy94 (102016)
Seat 6: Gottobe73100 (7068)
Seat 7: kyrbi (17702)
Seat 8: samuuus (30788)
*** ANTE/BLINDS ***
Gottobe73100 posts ante 180
kyrbi posts ante 180
la gangsters posts ante 180
jujuthi86 posts ante 180
livyordrim22 posts ante 180
manggy94 posts ante 180
samuuus posts ante 180
Gottobe73100 posts small blind 800
kyrbi posts big blind 1600
Dealt to manggy94 [9c 8c]
*** PRE-FLOP *** 
samuuus calls 1600
la gangsters folds
jujuthi86 folds
livyordrim22 calls 1600
manggy94 calls 1600
Gottobe73100 calls 800
kyrbi checks
*** FLOP *** [Ks 3d Jc]
Gottobe73100 checks
kyrbi checks
samuuus bets 2400
livyordrim22 folds
manggy94 folds
Gottobe73100 folds
kyrbi folds
samuuus collected 11660 from pot
*** SUMMARY ***
Total pot 11660 | No rake
Board: [Ks 3d Jc]
Seat 8: samuuus won 11660


Winamax Poker - Tournament "Kill The Fish" buyIn: 2,25€ + 2,25€ + 0,50€ level: 13 - HandId: #673063161020022793-86-1462545557 - Holdem no limit (240/1000/2000) - 2016/05/06 14:39:17 UTC
Table: 'Kill The Fish(156709729)#008' 8-max (real money) Seat #4 is the button
Seat 1: Weah91 (96468)
Seat 2: Ennemy32 (97274)
Seat 3: Loliangi (9790)
Seat 4: DCheyenne (33987)
Seat 5: AnaCurieuse (26071)
Seat 6: Whine_Up (44650)
Seat 7: manggy94 (100236)
Seat 8: pitchdepotch (37435)
*** ANTE/BLINDS ***
AnaCurieuse posts ante 240
Whine_Up posts ante 240
Weah91 posts ante 240
Ennemy32 posts ante 240
Loliangi posts ante 240
DCheyenne posts ante 240
manggy94 posts ante 240
pitchdepotch posts ante 240
AnaCurieuse posts small blind 1000
Whine_Up posts big blind 2000
Dealt to manggy94 [Jd Kd]
*** PRE-FLOP *** 
manggy94 raises 2000 to 4000
pitchdepotch folds
Weah91 folds
Ennemy32 folds
Loliangi calls 4000
DCheyenne folds
AnaCurieuse folds
Whine_Up raises 7200 to 11200
manggy94 calls 7200
Loliangi calls 5550 and is all-in
*** FLOP *** [8s 2h 7s]
Whine_Up bets 11623
manggy94 folds
*** TURN *** [8s 2h 7s][9h]
*** RIVER *** [8s 2h 7s 9h][Qh]
*** SHOW DOWN ***
Loliangi shows [Jh Qs] (One pair : Queens)
Whine_Up shows [As Ac] (One pair : Aces)
Whine_Up collected 46493 from pot
*** SUMMARY ***
Total pot 46493 | No rake
Board: [8s 2h 7s 9h Qh]
Seat 3: Loliangi showed [Jh Qs] and lost with One pair : Queens
Seat 6: Whine_Up (big blind) showed [As Ac] and won 46493 with One pair : Aces


Winamax Poker - Tournament "Kill The Fish" buyIn: 2,25€ + 2,25€ + 0,50€ level: 13 - HandId: #673063161020022793-87-1462545597 - Holdem no limit (240/1000/2000) - 2016/05/06 14:39:57 UTC
Table: 'Kill The Fish(156709729)#008' 8-max (real money) Seat #5 is the button
Seat 1: Weah91 (96228)
Seat 2: Ennemy32 (97034)
Seat 4: DCheyenne (33747)
Seat 5: AnaCurieuse (24831)
Seat 6: Whine_Up (68080)
Seat 7: manggy94 (88796)
Seat 8: pitchdepotch (37195)
*** ANTE/BLINDS ***
Whine_Up posts ante 240
manggy94 posts ante 240
Weah91 posts ante 240
Ennemy32 posts ante 240
DCheyenne posts ante 240
AnaCurieuse posts ante 240
pitchdepotch posts ante 240
Whine_Up posts small blind 1000
manggy94 posts big blind 2000
Dealt to manggy94 [7d Qh]
*** PRE-FLOP *** 
pitchdepotch folds
Weah91 folds
Ennemy32 folds
DCheyenne folds
AnaCurieuse folds
Whine_Up calls 1000
manggy94 checks
*** FLOP *** [4s 9h Ad]
Whine_Up bets 3000
manggy94 raises 3000 to 6000
Whine_Up calls 3000
*** TURN *** [4s 9h Ad][5c]
Whine_Up checks
manggy94 checks
*** RIVER *** [4s 9h Ad 5c][3h]
Whine_Up checks
manggy94 checks
*** SHOW DOWN ***
manggy94 shows [7d Qh] (High card : Ace)
Whine_Up shows [Ah 3d] (Two pairs : Aces and 3)
Whine_Up collected 17680 from pot
*** SUMMARY ***
Total pot 17680 | No rake
Board: [4s 9h Ad 5c 3h]
Seat 6: Whine_Up (small blind) showed [Ah 3d] and won 17680 with Two pairs : Aces and 3
Seat 7: manggy94 (big blind) showed [7d Qh] and lost with High card : Ace


Winamax Poker - Tournament "Kill The Fish" buyIn: 2,25€ + 2,25€ + 0,50€ level: 13 - HandId: #673063161020022793-88-1462545639 - Holdem no limit (240/1000/2000) - 2016/05/06 14:40:39 UTC
Table: 'Kill The Fish(156709729)#008' 8-max (real money) Seat #6 is the button
Seat 1: Weah91 (95988)
Seat 2: Ennemy32 (96794)
Seat 4: DCheyenne (33507)
Seat 5: AnaCurieuse (24591)
Seat 6: Whine_Up (77520)
Seat 7: manggy94 (80556)
Seat 8: pitchdepotch (36955)
*** ANTE/BLINDS ***
manggy94 posts ante 240
pitchdepotch posts ante 240
Weah91 posts ante 240
Ennemy32 posts ante 240
DCheyenne posts ante 240
AnaCurieuse posts ante 240
Whine_Up posts ante 240
manggy94 posts small blind 1000
pitchdepotch posts big blind 2000
Dealt to manggy94 [Th Kh]
*** PRE-FLOP *** 
Weah91 folds
Ennemy32 folds
DCheyenne folds
AnaCurieuse calls 2000
Whine_Up folds
manggy94 calls 1000
pitchdepotch checks
*** FLOP *** [6h Jc Qs]
manggy94 checks
pitchdepotch checks
AnaCurieuse checks
*** TURN *** [6h Jc Qs][Jd]
manggy94 checks
pitchdepotch bets 3000
AnaCurieuse raises 19351 to 22351 and is all-in
manggy94 folds
pitchdepotch folds
AnaCurieuse collected 33031 from pot
*** SUMMARY ***
Total pot 33031 | No rake
Board: [6h Jc Qs Jd]
Seat 5: AnaCurieuse won 33031


Winamax Poker - Tournament "Kill The Fish" buyIn: 2,25€ + 2,25€ + 0,50€ level: 13 - HandId: #673063161020022793-89-1462545682 - Holdem no limit (240/1000/2000) - 2016/05/06 14:41:22 UTC
Table: 'Kill The Fish(156709729)#008' 8-max (real money) Seat #7 is the button
Seat 1: Weah91 (95748)
Seat 2: Ennemy32 (96554)
Seat 4: DCheyenne (33267)
Seat 5: AnaCurieuse (33031)
Seat 6: Whine_Up (77280)
Seat 7: manggy94 (78316)
Seat 8: pitchdepotch (31715)
*** ANTE/BLINDS ***
pitchdepotch posts ante 240
Weah91 posts ante 240
Ennemy32 posts ante 240
DCheyenne posts ante 240
AnaCurieuse posts ante 240
Whine_Up posts ante 240
manggy94 posts ante 240
pitchdepotch posts small blind 1000
Weah91 posts big blind 2000
Dealt to manggy94 [Ac Kc]
*** PRE-FLOP *** 
Ennemy32 folds
DCheyenne folds
AnaCurieuse calls 2000
Whine_Up folds
manggy94 raises 8680 to 10680
pitchdepotch folds
Weah91 folds
AnaCurieuse folds
manggy94 collected 17360 from pot
*** SUMMARY ***
Total pot 17360 | No rake
Seat 7: manggy94 (button) won 17360


Winamax Poker - Tournament "Kill The Fish" buyIn: 2,25€ + 2,25€ + 0,50€ level: 13 - HandId: #673063161020022793-90-1462545715 - Holdem no limit (240/1000/2000) - 2016/05/06 14:41:55 UTC
Table: 'Kill The Fish(156709729)#008' 8-max (real money) Seat #8 is the button
Seat 1: Weah91 (93508)
Seat 2: Ennemy32 (96314)
Seat 3: Sonyc 88 (20535)
Seat 4: DCheyenne (33027)
Seat 5: AnaCurieuse (30791)
Seat 6: Whine_Up (77040)
Seat 7: manggy94 (84756)
Seat 8: pitchdepotch (30475)
*** ANTE/BLINDS ***
Weah91 posts ante 240
Ennemy32 posts ante 240
Sonyc 88 posts ante 240
DCheyenne posts ante 240
AnaCurieuse posts ante 240
Whine_Up posts ante 240
manggy94 posts ante 240
pitchdepotch posts ante 240
Weah91 posts small blind 1000
Ennemy32 posts big blind 2000
Dealt to manggy94 [5d Kh]
*** PRE-FLOP *** 
Sonyc 88 folds
DCheyenne folds
AnaCurieuse folds
Whine_Up folds
manggy94 calls 2000
pitchdepotch folds
Weah91 folds
Ennemy32 checks
*** FLOP *** [7d Ah 6h]
Ennemy32 checks
manggy94 bets 3460
Ennemy32 folds
manggy94 collected 10380 from pot
*** SUMMARY ***
Total pot 10380 | No rake
Board: [7d Ah 6h]
Seat 7: manggy94 won 10380


Winamax Poker - Tournament "Kill The Fish" buyIn: 2,25€ + 2,25€ + 0,50€ level: 13 - HandId: #673063161020022793-91-1462545749 - Holdem no limit (240/1000/2000) - 2016/05/06 14:42:29 UTC
Table: 'Kill The Fish(156709729)#008' 8-max (real money) Seat #1 is the button
Seat 1: Weah91 (92268)
Seat 2: Ennemy32 (94074)
Seat 3: Sonyc 88 (20295)
Seat 4: DCheyenne (32787)
Seat 5: AnaCurieuse (30551)
Seat 6: Whine_Up (76800)
Seat 7: manggy94 (89436)
Seat 8: pitchdepotch (30235)
*** ANTE/BLINDS ***
Ennemy32 posts ante 240
Sonyc 88 posts ante 240
Weah91 posts ante 240
DCheyenne posts ante 240
AnaCurieuse posts ante 240
Whine_Up posts ante 240
manggy94 posts ante 240
pitchdepotch posts ante 240
Ennemy32 posts small blind 1000
Sonyc 88 posts big blind 2000
Dealt to manggy94 [4d 2c]
*** PRE-FLOP *** 
DCheyenne folds
AnaCurieuse folds
Whine_Up folds
manggy94 folds
pitchdepotch folds
Weah91 folds
Ennemy32 folds
Sonyc 88 collected 4920 from pot
*** SUMMARY ***
Total pot 4920 | No rake
Seat 3: Sonyc 88 (big blind) won 4920


Winamax Poker - Tournament "Kill The Fish" buyIn: 2,25€ + 2,25€ + 0,50€ level: 13 - HandId: #673063161020022793-92-1462545768 - Holdem no limit (240/1000/2000) - 2016/05/06 14:42:48 UTC
Table: 'Kill The Fish(156709729)#008' 8-max (real money) Seat #2 is the button
Seat 1: Weah91 (92028)
Seat 2: Ennemy32 (92834)
Seat 3: Sonyc 88 (22975)
Seat 4: DCheyenne (32547)
Seat 5: AnaCurieuse (30311)
Seat 6: Whine_Up (76560)
Seat 7: manggy94 (89196)
Seat 8: pitchdepotch (29995)
*** ANTE/BLINDS ***
Sonyc 88 posts ante 240
DCheyenne posts ante 240
Weah91 posts ante 240
Ennemy32 posts ante 240
AnaCurieuse posts ante 240
Whine_Up posts ante 240
manggy94 posts ante 240
pitchdepotch posts ante 240
Sonyc 88 posts small blind 1000
DCheyenne posts big blind 2000
Dealt to manggy94 [Ts 8d]
*** PRE-FLOP *** 
AnaCurieuse folds
Whine_Up folds
manggy94 folds
pitchdepotch folds
Weah91 folds
Ennemy32 raises 2000 to 4000
Sonyc 88 folds
DCheyenne calls 2000
*** FLOP *** [2h Tc As]
DCheyenne checks
Ennemy32 bets 4000
DCheyenne folds
Ennemy32 collected 14920 from pot
*** SUMMARY ***
Total pot 14920 | No rake
Board: [2h Tc As]
Seat 2: Ennemy32 (button) won 14920


Winamax Poker - Tournament "Kill The Fish" buyIn: 2,25€ + 2,25€ + 0,50€ level: 13 - HandId: #673063161020022793-93-1462545800 - Holdem no limit (240/1000/2000) - 2016/05/06 14:43:20 UTC
Table: 'Kill The Fish(156709729)#008' 8-max (real money) Seat #3 is the button
Seat 1: Weah91 (91788)
Seat 2: Ennemy32 (99514)
Seat 3: Sonyc 88 (21735)
Seat 4: DCheyenne (28307)
Seat 5: AnaCurieuse (30071)
Seat 6: Whine_Up (76320)
Seat 7: manggy94 (88956)
Seat 8: pitchdepotch (29755)
*** ANTE/BLINDS ***
DCheyenne posts ante 240
AnaCurieuse posts ante 240
Weah91 posts ante 240
Ennemy32 posts ante 240
Sonyc 88 posts ante 240
Whine_Up posts ante 240
manggy94 posts ante 240
pitchdepotch posts ante 240
DCheyenne posts small blind 1000
AnaCurieuse posts big blind 2000
Dealt to manggy94 [6s Ad]
*** PRE-FLOP *** 
Whine_Up folds
manggy94 calls 2000
pitchdepotch folds
Weah91 raises 6000 to 8000
Ennemy32 folds
Sonyc 88 folds
DCheyenne folds
AnaCurieuse folds
manggy94 calls 6000
*** FLOP *** [8d 6c 3s]
manggy94 bets 10460
Weah91 calls 10460
*** TURN *** [8d 6c 3s][4d]
manggy94 checks
Weah91 checks
*** RIVER *** [8d 6c 3s 4d][7s]
manggy94 checks
Weah91 bets 73088 and is all-in
manggy94 folds
Weah91 collected 114928 from pot
*** SUMMARY ***
Total pot 114928 | No rake
Board: [8d 6c 3s 4d 7s]
Seat 1: Weah91 won 114928


Winamax Poker - Tournament "Kill The Fish" buyIn: 2,25€ + 2,25€ + 0,50€ level: 14 - HandId: #673063161020022793-94-1462545852 - Holdem no limit (320/1250/2500) - 2016/05/06 14:44:12 UTC
Table: 'Kill The Fish(156709729)#008' 8-max (real money) Seat #4 is the button
Seat 1: Weah91 (114928)
Seat 2: Ennemy32 (99274)
Seat 3: Sonyc 88 (21495)
Seat 4: DCheyenne (27067)
Seat 5: AnaCurieuse (27831)
Seat 6: Whine_Up (76080)
Seat 7: manggy94 (70256)
Seat 8: pitchdepotch (29515)
*** ANTE/BLINDS ***
AnaCurieuse posts ante 320
Whine_Up posts ante 320
Weah91 posts ante 320
Ennemy32 posts ante 320
Sonyc 88 posts ante 320
DCheyenne posts ante 320
manggy94 posts ante 320
pitchdepotch posts ante 320
AnaCurieuse posts small blind 1250
Whine_Up posts big blind 2500
Dealt to manggy94 [6d Jd]
*** PRE-FLOP *** 
manggy94 folds
pitchdepotch folds
Weah91 calls 2500
Ennemy32 folds
Sonyc 88 folds
DCheyenne folds
AnaCurieuse folds
Whine_Up checks
*** FLOP *** [Ad 5d Ah]
Whine_Up checks
Weah91 bets 2500
Whine_Up folds
Weah91 collected 11310 from pot
*** SUMMARY ***
Total pot 11310 | No rake
Board: [Ad 5d Ah]
Seat 1: Weah91 won 11310


Winamax Poker - Tournament "Kill The Fish" buyIn: 2,25€ + 2,25€ + 0,50€ level: 14 - HandId: #673063161020022793-95-1462545889 - Holdem no limit (320/1250/2500) - 2016/05/06 14:44:49 UTC
Table: 'Kill The Fish(156709729)#008' 8-max (real money) Seat #5 is the button
Seat 1: Weah91 (120918)
Seat 2: Ennemy32 (98954)
Seat 3: Sonyc 88 (21175)
Seat 4: DCheyenne (26747)
Seat 5: AnaCurieuse (26261)
Seat 6: Whine_Up (73260)
Seat 7: manggy94 (69936)
Seat 8: pitchdepotch (29195)
*** ANTE/BLINDS ***
Whine_Up posts ante 320
manggy94 posts ante 320
Weah91 posts ante 320
Ennemy32 posts ante 320
Sonyc 88 posts ante 320
DCheyenne posts ante 320
AnaCurieuse posts ante 320
pitchdepotch posts ante 320
Whine_Up posts small blind 1250
manggy94 posts big blind 2500
Dealt to manggy94 [Qd 7c]
*** PRE-FLOP *** 
pitchdepotch folds
Weah91 folds
Ennemy32 folds
Sonyc 88 folds
DCheyenne folds
AnaCurieuse folds
Whine_Up calls 1250
manggy94 checks
*** FLOP *** [Jh 9c 6s]
Whine_Up bets 3750
manggy94 folds
Whine_Up collected 11310 from pot
*** SUMMARY ***
Total pot 11310 | No rake
Board: [Jh 9c 6s]
Seat 6: Whine_Up (small blind) won 11310


Winamax Poker - Tournament "Kill The Fish" buyIn: 2,25€ + 2,25€ + 0,50€ level: 14 - HandId: #673063161020022793-96-1462545921 - Holdem no limit (320/1250/2500) - 2016/05/06 14:45:21 UTC
Table: 'Kill The Fish(156709729)#008' 8-max (real money) Seat #6 is the button
Seat 1: Weah91 (120598)
Seat 2: Ennemy32 (98634)
Seat 3: Sonyc 88 (20855)
Seat 4: DCheyenne (26427)
Seat 5: AnaCurieuse (25941)
Seat 6: Whine_Up (78000)
Seat 7: manggy94 (67116)
Seat 8: pitchdepotch (28875)
*** ANTE/BLINDS ***
manggy94 posts ante 320
pitchdepotch posts ante 320
Weah91 posts ante 320
Ennemy32 posts ante 320
Sonyc 88 posts ante 320
DCheyenne posts ante 320
AnaCurieuse posts ante 320
Whine_Up posts ante 320
manggy94 posts small blind 1250
pitchdepotch posts big blind 2500
Dealt to manggy94 [Jc Qh]
*** PRE-FLOP *** 
Weah91 folds
Ennemy32 raises 2500 to 5000
Sonyc 88 folds
DCheyenne folds
AnaCurieuse folds
Whine_Up folds
manggy94 calls 3750
pitchdepotch folds
*** FLOP *** [Qd 5h 5s]
manggy94 bets 10040
Ennemy32 folds
manggy94 collected 25100 from pot
*** SUMMARY ***
Total pot 25100 | No rake
Board: [Qd 5h 5s]
Seat 7: manggy94 (small blind) won 25100


Winamax Poker - Tournament "Kill The Fish" buyIn: 2,25€ + 2,25€ + 0,50€ level: 14 - HandId: #673063161020022793-97-1462545957 - Holdem no limit (320/1250/2500) - 2016/05/06 14:45:57 UTC
Table: 'Kill The Fish(156709729)#008' 8-max (real money) Seat #7 is the button
Seat 1: Weah91 (120278)
Seat 2: Ennemy32 (93314)
Seat 3: Sonyc 88 (20535)
Seat 4: DCheyenne (26107)
Seat 5: AnaCurieuse (25621)
Seat 6: Whine_Up (77680)
Seat 7: manggy94 (76856)
Seat 8: pitchdepotch (26055)
*** ANTE/BLINDS ***
pitchdepotch posts ante 320
Weah91 posts ante 320
Ennemy32 posts ante 320
Sonyc 88 posts ante 320
DCheyenne posts ante 320
AnaCurieuse posts ante 320
Whine_Up posts ante 320
manggy94 posts ante 320
pitchdepotch posts small blind 1250
Weah91 posts big blind 2500
Dealt to manggy94 [Ad 9d]
*** PRE-FLOP *** 
Ennemy32 folds
Sonyc 88 folds
DCheyenne folds
AnaCurieuse folds
Whine_Up raises 3000 to 5500
manggy94 calls 5500
pitchdepotch folds
Weah91 folds
*** FLOP *** [Ac 7c Jh]
Whine_Up bets 5770
manggy94 calls 5770
*** TURN *** [Ac 7c Jh][3d]
Whine_Up bets 9617
manggy94 calls 9617
*** RIVER *** [Ac 7c Jh 3d][2h]
Whine_Up bets 16028
manggy94 calls 16028
*** SHOW DOWN ***
Whine_Up shows [Jc Qd] (One pair : Jacks)
manggy94 shows [Ad 9d] (One pair : Aces)
manggy94 collected 80140 from pot
*** SUMMARY ***
Total pot 80140 | No rake
Board: [Ac 7c Jh 3d 2h]
Seat 6: Whine_Up showed [Jc Qd] and lost with One pair : Jacks
Seat 7: manggy94 (button) showed [Ad 9d] and won 80140 with One pair : Aces


Winamax Poker - Tournament "Kill The Fish" buyIn: 2,25€ + 2,25€ + 0,50€ level: 14 - HandId: #673063161020022793-98-1462546008 - Holdem no limit (320/1250/2500) - 2016/05/06 14:46:48 UTC
Table: 'Kill The Fish(156709729)#008' 8-max (real money) Seat #8 is the button
Seat 1: Weah91 (117458)
Seat 2: Ennemy32 (92994)
Seat 3: Sonyc 88 (20215)
Seat 4: DCheyenne (25787)
Seat 5: AnaCurieuse (25301)
Seat 6: Whine_Up (40445)
Seat 7: manggy94 (119761)
Seat 8: pitchdepotch (24485)
*** ANTE/BLINDS ***
Weah91 posts ante 320
Ennemy32 posts ante 320
Sonyc 88 posts ante 320
DCheyenne posts ante 320
AnaCurieuse posts ante 320
Whine_Up posts ante 320
manggy94 posts ante 320
pitchdepotch posts ante 320
Weah91 posts small blind 1250
Ennemy32 posts big blind 2500
Dealt to manggy94 [6d 3c]
*** PRE-FLOP *** 
Sonyc 88 folds
DCheyenne folds
AnaCurieuse folds
Whine_Up folds
manggy94 folds
pitchdepotch folds
Weah91 calls 1250
Ennemy32 raises 7560 to 10060
Weah91 folds
Ennemy32 collected 15120 from pot
*** SUMMARY ***
Total pot 15120 | No rake
Seat 2: Ennemy32 (big blind) won 15120


Winamax Poker - Tournament "Kill The Fish" buyIn: 2,25€ + 2,25€ + 0,50€ level: 14 - HandId: #673063161020022793-99-1462546030 - Holdem no limit (320/1250/2500) - 2016/05/06 14:47:10 UTC
Table: 'Kill The Fish(156709729)#008' 8-max (real money) Seat #1 is the button
Seat 1: Weah91 (114638)
Seat 2: Ennemy32 (97734)
Seat 3: Sonyc 88 (19895)
Seat 4: DCheyenne (25467)
Seat 5: AnaCurieuse (24981)
Seat 6: Whine_Up (40125)
Seat 7: manggy94 (119441)
Seat 8: pitchdepotch (24165)
*** ANTE/BLINDS ***
Ennemy32 posts ante 320
Sonyc 88 posts ante 320
Weah91 posts ante 320
DCheyenne posts ante 320
AnaCurieuse posts ante 320
Whine_Up posts ante 320
manggy94 posts ante 320
pitchdepotch posts ante 320
Ennemy32 posts small blind 1250
Sonyc 88 posts big blind 2500
Dealt to manggy94 [9d 8s]
*** PRE-FLOP *** 
DCheyenne folds
AnaCurieuse folds
Whine_Up folds
manggy94 calls 2500
pitchdepotch folds
Weah91 folds
Ennemy32 folds
Sonyc 88 raises 17075 to 19575 and is all-in
manggy94 folds
Sonyc 88 collected 25885 from pot
*** SUMMARY ***
Total pot 25885 | No rake
Seat 3: Sonyc 88 (big blind) won 25885


Winamax Poker - Tournament "Kill The Fish" buyIn: 2,25€ + 2,25€ + 0,50€ level: 14 - HandId: #673063161020022793-100-1462546079 - Holdem no limit (320/1250/2500) - 2016/05/06 14:47:59 UTC
Table: 'Kill The Fish(156709729)#008' 8-max (real money) Seat #2 is the button
Seat 1: Weah91 (114318)
Seat 2: Ennemy32 (96164)
Seat 3: Sonyc 88 (25885)
Seat 4: DCheyenne (25147)
Seat 5: AnaCurieuse (24661)
Seat 6: Whine_Up (39805)
Seat 7: manggy94 (116621)
Seat 8: pitchdepotch (23845)
*** ANTE/BLINDS ***
Sonyc 88 posts ante 320
DCheyenne posts ante 320
Weah91 posts ante 320
Ennemy32 posts ante 320
AnaCurieuse posts ante 320
Whine_Up posts ante 320
manggy94 posts ante 320
pitchdepotch posts ante 320
Sonyc 88 posts small blind 1250
DCheyenne posts big blind 2500
Dealt to manggy94 [2h Ad]
*** PRE-FLOP *** 
AnaCurieuse folds
Whine_Up folds
manggy94 calls 2500
pitchdepotch folds
Weah91 folds
Ennemy32 folds
Sonyc 88 raises 23065 to 25565 and is all-in
DCheyenne folds
manggy94 calls 23065
*** FLOP *** [Ah Jc 6c]
*** TURN *** [Ah Jc 6c][Kd]
*** RIVER *** [Ah Jc 6c Kd][8d]
*** SHOW DOWN ***
manggy94 shows [2h Ad] (One pair : Aces)
Sonyc 88 shows [As Jh] (Two pairs : Aces and Jacks)
Sonyc 88 collected 56190 from pot
*** SUMMARY ***
Total pot 56190 | No rake
Board: [Ah Jc 6c Kd 8d]
Seat 3: Sonyc 88 (small blind) showed [As Jh] and won 56190 with Two pairs : Aces and Jacks
Seat 7: manggy94 showed [2h Ad] and lost with One pair : Aces


Winamax Poker - Tournament "Kill The Fish" buyIn: 2,25€ + 2,25€ + 0,50€ level: 14 - HandId: #673063161020022793-101-1462546127 - Holdem no limit (320/1250/2500) - 2016/05/06 14:48:47 UTC
Table: 'Kill The Fish(156709729)#008' 8-max (real money) Seat #3 is the button
Seat 1: Weah91 (113998)
Seat 2: Ennemy32 (95844)
Seat 3: Sonyc 88 (56190)
Seat 4: DCheyenne (22327)
Seat 5: AnaCurieuse (24341)
Seat 6: Whine_Up (39485)
Seat 7: manggy94 (90736)
Seat 8: pitchdepotch (23525)
*** ANTE/BLINDS ***
DCheyenne posts ante 320
AnaCurieuse posts ante 320
Weah91 posts ante 320
Ennemy32 posts ante 320
Sonyc 88 posts ante 320
Whine_Up posts ante 320
manggy94 posts ante 320
pitchdepotch posts ante 320
DCheyenne posts small blind 1250
AnaCurieuse posts big blind 2500
Dealt to manggy94 [Kh 7d]
*** PRE-FLOP *** 
Whine_Up folds
manggy94 folds
pitchdepotch folds
Weah91 folds
Ennemy32 raises 2500 to 5000
Sonyc 88 raises 8750 to 13750
DCheyenne folds
AnaCurieuse folds
Ennemy32 raises 81774 to 95524 and is all-in
Sonyc 88 calls 42120 and is all-in
*** FLOP *** [2c 6h 4s]
*** TURN *** [2c 6h 4s][9s]
*** RIVER *** [2c 6h 4s 9s][2s]
*** SHOW DOWN ***
Sonyc 88 shows [Ad As] (Two pairs : Aces and 2)
Ennemy32 shows [Jh Ah] (One pair : 2)
Ennemy32 collected 39654 from side pot 1
Sonyc 88 collected 118050 from main pot
*** SUMMARY ***
Total pot 157704 | No rake
Board: [2c 6h 4s 9s 2s]
Seat 2: Ennemy32 showed [Jh Ah] and won 39654 with One pair : 2
Seat 3: Sonyc 88 (button) showed [Ad As] and won 118050 with Two pairs : Aces and 2


Winamax Poker - Tournament "Kill The Fish" buyIn: 2,25€ + 2,25€ + 0,50€ level: 14 - HandId: #673063161020022793-102-1462546169 - Holdem no limit (320/1250/2500) - 2016/05/06 14:49:29 UTC
Table: 'Kill The Fish(156709729)#008' 8-max (real money) Seat #4 is the button
Seat 1: Weah91 (113678)
Seat 2: Ennemy32 (39654)
Seat 3: Sonyc 88 (118050)
Seat 4: DCheyenne (20757)
Seat 5: AnaCurieuse (21521)
Seat 6: Whine_Up (39165)
Seat 7: manggy94 (90416)
Seat 8: pitchdepotch (23205)
*** ANTE/BLINDS ***
AnaCurieuse posts ante 320
Whine_Up posts ante 320
Weah91 posts ante 320
Ennemy32 posts ante 320
Sonyc 88 posts ante 320
DCheyenne posts ante 320
manggy94 posts ante 320
pitchdepotch posts ante 320
AnaCurieuse posts small blind 1250
Whine_Up posts big blind 2500
Dealt to manggy94 [Jd 8c]
*** PRE-FLOP *** 
manggy94 folds
pitchdepotch folds
Weah91 folds
Ennemy32 folds
Sonyc 88 folds
DCheyenne folds
AnaCurieuse raises 18701 to 21201 and is all-in
Whine_Up calls 18701
*** FLOP *** [5c 6c 7d]
*** TURN *** [5c 6c 7d][Jh]
*** RIVER *** [5c 6c 7d Jh][8h]
*** SHOW DOWN ***
AnaCurieuse shows [Qh Td] (High card : Queen)
Whine_Up shows [Kc Ts] (High card : King)
Whine_Up collected 44962 from pot
*** SUMMARY ***
Total pot 44962 | No rake
Board: [5c 6c 7d Jh 8h]
Seat 5: AnaCurieuse (small blind) showed [Qh Td] and lost with High card : Queen
Seat 6: Whine_Up (big blind) showed [Kc Ts] and won 44962 with High card : King


Winamax Poker - Tournament "Kill The Fish" buyIn: 2,25€ + 2,25€ + 0,50€ level: 14 - HandId: #673063161020022793-103-1462546194 - Holdem no limit (320/1250/2500) - 2016/05/06 14:49:54 UTC
Table: 'Kill The Fish(156709729)#008' 8-max (real money) Seat #5 is the button
Seat 1: Weah91 (113358)
Seat 2: Ennemy32 (39334)
Seat 3: Sonyc 88 (117730)
Seat 4: DCheyenne (20437)
Seat 6: Whine_Up (62606)
Seat 7: manggy94 (90096)
Seat 8: pitchdepotch (22885)
*** ANTE/BLINDS ***
Whine_Up posts ante 320
manggy94 posts ante 320
Weah91 posts ante 320
Ennemy32 posts ante 320
Sonyc 88 posts ante 320
DCheyenne posts ante 320
pitchdepotch posts ante 320
Whine_Up posts small blind 1250
manggy94 posts big blind 2500
Dealt to manggy94 [Jd 4d]
*** PRE-FLOP *** 
pitchdepotch folds
Weah91 folds
Ennemy32 folds
Sonyc 88 raises 2500 to 5000
DCheyenne folds
Whine_Up raises 57286 to 62286 and is all-in
manggy94 folds
Sonyc 88 folds
Whine_Up collected 72026 from pot
*** SUMMARY ***
Total pot 72026 | No rake
Seat 6: Whine_Up (small blind) won 72026


Winamax Poker - Tournament "Kill The Fish" buyIn: 2,25€ + 2,25€ + 0,50€ level: 15 - HandId: #673063161020022793-104-1462546219 - Holdem no limit (430/1500/3000) - 2016/05/06 14:50:19 UTC
Table: 'Kill The Fish(156709729)#008' 8-max (real money) Seat #6 is the button
Seat 1: Weah91 (113038)
Seat 2: Ennemy32 (39014)
Seat 3: Sonyc 88 (112410)
Seat 4: DCheyenne (20117)
Seat 6: Whine_Up (72026)
Seat 7: manggy94 (87276)
Seat 8: pitchdepotch (22565)
*** ANTE/BLINDS ***
manggy94 posts ante 430
pitchdepotch posts ante 430
Weah91 posts ante 430
Ennemy32 posts ante 430
Sonyc 88 posts ante 430
DCheyenne posts ante 430
Whine_Up posts ante 430
manggy94 posts small blind 1500
pitchdepotch posts big blind 3000
Dealt to manggy94 [8d 5s]
*** PRE-FLOP *** 
Weah91 folds
Ennemy32 raises 35584 to 38584 and is all-in
Sonyc 88 folds
DCheyenne folds
Whine_Up folds
manggy94 folds
pitchdepotch folds
Ennemy32 collected 46094 from pot
*** SUMMARY ***
Total pot 46094 | No rake
Seat 2: Ennemy32 won 46094


Winamax Poker - Tournament "Kill The Fish" buyIn: 2,25€ + 2,25€ + 0,50€ level: 15 - HandId: #673063161020022793-105-1462546236 - Holdem no limit (430/1500/3000) - 2016/05/06 14:50:36 UTC
Table: 'Kill The Fish(156709729)#008' 8-max (real money) Seat #7 is the button
Seat 1: Weah91 (112608)
Seat 2: Ennemy32 (46094)
Seat 3: Sonyc 88 (111980)
Seat 4: DCheyenne (19687)
Seat 6: Whine_Up (71596)
Seat 7: manggy94 (85346)
Seat 8: pitchdepotch (19135)
*** ANTE/BLINDS ***
pitchdepotch posts ante 430
Weah91 posts ante 430
Ennemy32 posts ante 430
Sonyc 88 posts ante 430
DCheyenne posts ante 430
Whine_Up posts ante 430
manggy94 posts ante 430
pitchdepotch posts small blind 1500
Weah91 posts big blind 3000
Dealt to manggy94 [Qc Js]
*** PRE-FLOP *** 
Ennemy32 folds
Sonyc 88 folds
DCheyenne folds
Whine_Up folds
manggy94 calls 3000
pitchdepotch raises 15705 to 18705 and is all-in
Weah91 raises 93473 to 112178 and is all-in
manggy94 folds
*** FLOP *** [7s 3s 2h]
*** TURN *** [7s 3s 2h][6c]
*** RIVER *** [7s 3s 2h 6c][2d]
*** SHOW DOWN ***
pitchdepotch shows [Ks Th] (One pair : 2)
Weah91 shows [8c 8d] (Two pairs : 8 and 2)
Weah91 collected 136893 from pot
*** SUMMARY ***
Total pot 136893 | No rake
Board: [7s 3s 2h 6c 2d]
Seat 1: Weah91 (big blind) showed [8c 8d] and won 136893 with Two pairs : 8 and 2
Seat 8: pitchdepotch (small blind) showed [Ks Th] and lost with One pair : 2


Winamax Poker - Tournament "Kill The Fish" buyIn: 2,25€ + 2,25€ + 0,50€ level: 15 - HandId: #673063161020022788-85-1462546299 - Holdem no limit (430/1500/3000) - 2016/05/06 14:51:39 UTC
Table: 'Kill The Fish(156709729)#003' 8-max (real money) Seat #3 is the button
Seat 1: manggy94 (81916)
Seat 2: chan777 (135595)
Seat 3: le sbibi (152126)
Seat 4: Alex&lau (19269)
Seat 5: hk2b (19041)
Seat 6: 31mars (209275)
Seat 8: FreeAACarD (178681)
*** ANTE/BLINDS ***
Alex&lau posts ante 430
hk2b posts ante 430
manggy94 posts ante 430
chan777 posts ante 430
le sbibi posts ante 430
31mars posts ante 430
FreeAACarD posts ante 430
Alex&lau posts small blind 1500
hk2b posts big blind 3000
Dealt to manggy94 [6d 4h]
*** PRE-FLOP *** 
31mars folds
FreeAACarD raises 3000 to 6000
manggy94 folds
chan777 folds
le sbibi folds
Alex&lau calls 4500
hk2b folds
*** FLOP *** [7s 9d 3c]
Alex&lau checks
FreeAACarD bets 172251 and is all-in
Alex&lau folds
FreeAACarD collected 190261 from pot
*** SUMMARY ***
Total pot 190261 | No rake
Board: [7s 9d 3c]
Seat 8: FreeAACarD won 190261


Winamax Poker - Tournament "Kill The Fish" buyIn: 2,25€ + 2,25€ + 0,50€ level: 15 - HandId: #673063161020022788-86-1462546344 - Holdem no limit (430/1500/3000) - 2016/05/06 14:52:24 UTC
Table: 'Kill The Fish(156709729)#003' 8-max (real money) Seat #4 is the button
Seat 1: manggy94 (81486)
Seat 2: chan777 (135165)
Seat 3: le sbibi (151696)
Seat 4: Alex&lau (12839)
Seat 5: hk2b (15611)
Seat 6: 31mars (208845)
Seat 8: FreeAACarD (190261)
*** ANTE/BLINDS ***
hk2b posts ante 430
31mars posts ante 430
manggy94 posts ante 430
chan777 posts ante 430
le sbibi posts ante 430
Alex&lau posts ante 430
FreeAACarD posts ante 430
hk2b posts small blind 1500
31mars posts big blind 3000
Dealt to manggy94 [5d 3d]
*** PRE-FLOP *** 
FreeAACarD folds
manggy94 folds
chan777 folds
le sbibi raises 4500 to 7500
Alex&lau folds
hk2b folds
31mars calls 4500
*** FLOP *** [7h 2h Th]
31mars checks
le sbibi bets 8100
31mars calls 8100
*** TURN *** [7h 2h Th][7c]
31mars checks
le sbibi bets 13500
31mars calls 13500
*** RIVER *** [7h 2h Th 7c][As]
31mars checks
le sbibi checks
*** SHOW DOWN ***
le sbibi shows [Qd Qh] (Two pairs : Queens and 7)
31mars shows [Kh Jh] (Flush King high)
31mars collected 62710 from pot
*** SUMMARY ***
Total pot 62710 | No rake
Board: [7h 2h Th 7c As]
Seat 3: le sbibi showed [Qd Qh] and lost with Two pairs : Queens and 7
Seat 6: 31mars (big blind) showed [Kh Jh] and won 62710 with Flush King high


Winamax Poker - Tournament "Kill The Fish" buyIn: 2,25€ + 2,25€ + 0,50€ level: 15 - HandId: #673063161020022788-87-1462546419 - Holdem no limit (430/1500/3000) - 2016/05/06 14:53:39 UTC
Table: 'Kill The Fish(156709729)#003' 8-max (real money) Seat #5 is the button
Seat 1: manggy94 (81056)
Seat 2: chan777 (134735)
Seat 3: le sbibi (122166)
Seat 4: Alex&lau (12409)
Seat 5: hk2b (13681)
Seat 6: 31mars (242025)
Seat 8: FreeAACarD (189831)
*** ANTE/BLINDS ***
31mars posts ante 430
FreeAACarD posts ante 430
manggy94 posts ante 430
chan777 posts ante 430
le sbibi posts ante 430
Alex&lau posts ante 430
hk2b posts ante 430
31mars posts small blind 1500
FreeAACarD posts big blind 3000
Dealt to manggy94 [8s 9h]
*** PRE-FLOP *** 
manggy94 folds
chan777 folds
le sbibi folds
Alex&lau folds
hk2b folds
31mars calls 1500
FreeAACarD checks
*** FLOP *** [Qh Jd As]
31mars bets 9010
FreeAACarD calls 9010
*** TURN *** [Qh Jd As][Ah]
31mars checks
FreeAACarD bets 13515
31mars folds
FreeAACarD collected 40545 from pot
*** SUMMARY ***
Total pot 40545 | No rake
Board: [Qh Jd As Ah]
Seat 8: FreeAACarD (big blind) won 40545


Winamax Poker - Tournament "Kill The Fish" buyIn: 2,25€ + 2,25€ + 0,50€ level: 15 - HandId: #673063161020022788-88-1462546470 - Holdem no limit (430/1500/3000) - 2016/05/06 14:54:30 UTC
Table: 'Kill The Fish(156709729)#003' 8-max (real money) Seat #6 is the button
Seat 1: manggy94 (80626)
Seat 2: chan777 (134305)
Seat 3: le sbibi (121736)
Seat 4: Alex&lau (11979)
Seat 5: hk2b (13251)
Seat 6: 31mars (229585)
Seat 8: FreeAACarD (204421)
*** ANTE/BLINDS ***
FreeAACarD posts ante 430
manggy94 posts ante 430
chan777 posts ante 430
le sbibi posts ante 430
Alex&lau posts ante 430
hk2b posts ante 430
31mars posts ante 430
FreeAACarD posts small blind 1500
manggy94 posts big blind 3000
Dealt to manggy94 [Ah Kc]
*** PRE-FLOP *** 
chan777 folds
le sbibi folds
Alex&lau folds
hk2b folds
31mars folds
FreeAACarD raises 3000 to 6000
manggy94 raises 15010 to 21010
FreeAACarD folds
manggy94 collected 30020 from pot
*** SUMMARY ***
Total pot 30020 | No rake
Seat 1: manggy94 (big blind) won 30020


Winamax Poker - Tournament "Kill The Fish" buyIn: 2,25€ + 2,25€ + 0,50€ level: 15 - HandId: #673063161020022788-89-1462546802 - Holdem no limit (430/1500/3000) - 2016/05/06 15:00:02 UTC
Table: 'Kill The Fish(156709729)#003' 8-max (real money) Seat #8 is the button
Seat 1: manggy94 (89206)
Seat 2: chan777 (133875)
Seat 3: le sbibi (121306)
Seat 4: Alex&lau (11549)
Seat 5: hk2b (12821)
Seat 6: 31mars (229155)
Seat 8: FreeAACarD (197991)
*** ANTE/BLINDS ***
manggy94 posts ante 430
chan777 posts ante 430
le sbibi posts ante 430
Alex&lau posts ante 430
hk2b posts ante 430
31mars posts ante 430
FreeAACarD posts ante 430
manggy94 posts small blind 1500
chan777 posts big blind 3000
Dealt to manggy94 [3d Jc]
*** PRE-FLOP *** 
le sbibi folds
Alex&lau folds
hk2b folds
31mars folds
FreeAACarD raises 3000 to 6000
manggy94 folds
chan777 folds
FreeAACarD collected 13510 from pot
*** SUMMARY ***
Total pot 13510 | No rake
Seat 8: FreeAACarD (button) won 13510


Winamax Poker - Tournament "Kill The Fish" buyIn: 2,25€ + 2,25€ + 0,50€ level: 15 - HandId: #673063161020022788-90-1462546845 - Holdem no limit (430/1500/3000) - 2016/05/06 15:00:45 UTC
Table: 'Kill The Fish(156709729)#003' 8-max (real money) Seat #1 is the button
Seat 1: manggy94 (87276)
Seat 2: chan777 (130445)
Seat 3: le sbibi (120876)
Seat 4: Alex&lau (11119)
Seat 5: hk2b (12391)
Seat 6: 31mars (228725)
Seat 8: FreeAACarD (205071)
*** ANTE/BLINDS ***
chan777 posts ante 430
le sbibi posts ante 430
manggy94 posts ante 430
Alex&lau posts ante 430
hk2b posts ante 430
31mars posts ante 430
FreeAACarD posts ante 430
chan777 posts small blind 1500
le sbibi posts big blind 3000
Dealt to manggy94 [Jh 9c]
*** PRE-FLOP *** 
Alex&lau raises 7689 to 10689 and is all-in
hk2b raises 1272 to 11961 and is all-in
31mars calls 11961
FreeAACarD folds
manggy94 folds
chan777 folds
le sbibi folds
*** FLOP *** [5s 7d Qd]
*** TURN *** [5s 7d Qd][2d]
*** RIVER *** [5s 7d Qd 2d][8h]
*** SHOW DOWN ***
Alex&lau shows [Tc Ac] (High card : Ace)
hk2b shows [9s As] (High card : Ace)
31mars shows [Qs 7c] (Two pairs : Queens and 7)
31mars collected 42121 from pot
*** SUMMARY ***
Total pot 42121 | No rake
Board: [5s 7d Qd 2d 8h]
Seat 4: Alex&lau showed [Tc Ac] and lost with High card : Ace
Seat 5: hk2b showed [9s As] and lost with High card : Ace
Seat 6: 31mars showed [Qs 7c] and won 42121 with Two pairs : Queens and 7


Winamax Poker - Tournament "Kill The Fish" buyIn: 2,25€ + 2,25€ + 0,50€ level: 16 - HandId: #673063161020022788-91-1462547010 - Holdem no limit (500/2000/4000) - 2016/05/06 15:03:30 UTC
Table: 'Kill The Fish(156709729)#003' 8-max (real money) Seat #2 is the button
Seat 1: manggy94 (86846)
Seat 2: chan777 (128515)
Seat 3: le sbibi (117446)
Seat 6: 31mars (258455)
Seat 8: FreeAACarD (204641)
*** ANTE/BLINDS ***
le sbibi posts ante 500
31mars posts ante 500
manggy94 posts ante 500
chan777 posts ante 500
FreeAACarD posts ante 500
le sbibi posts small blind 2000
31mars posts big blind 4000
Dealt to manggy94 [Jh 3h]
*** PRE-FLOP *** 
FreeAACarD folds
manggy94 folds
chan777 raises 4000 to 8000
le sbibi folds
31mars raises 32000 to 40000
chan777 folds
31mars collected 52500 from pot
*** SUMMARY ***
Total pot 52500 | No rake
Seat 6: 31mars (big blind) won 52500


Winamax Poker - Tournament "Kill The Fish" buyIn: 2,25€ + 2,25€ + 0,50€ level: 16 - HandId: #673063161020022788-92-1462547045 - Holdem no limit (500/2000/4000) - 2016/05/06 15:04:05 UTC
Table: 'Kill The Fish(156709729)#003' 8-max (real money) Seat #3 is the button
Seat 1: manggy94 (86346)
Seat 2: chan777 (120015)
Seat 3: le sbibi (114946)
Seat 6: 31mars (270455)
Seat 8: FreeAACarD (204141)
*** ANTE/BLINDS ***
31mars posts ante 500
FreeAACarD posts ante 500
manggy94 posts ante 500
chan777 posts ante 500
le sbibi posts ante 500
31mars posts small blind 2000
FreeAACarD posts big blind 4000
Dealt to manggy94 [3d 3h]
*** PRE-FLOP *** 
manggy94 raises 4000 to 8000
chan777 folds
le sbibi folds
31mars folds
FreeAACarD calls 4000
*** FLOP *** [Qd 2s Td]
FreeAACarD checks
manggy94 bets 13667
FreeAACarD folds
manggy94 collected 34167 from pot
*** SUMMARY ***
Total pot 34167 | No rake
Board: [Qd 2s Td]
Seat 1: manggy94 won 34167


Winamax Poker - Tournament "Kill The Fish" buyIn: 2,25€ + 2,25€ + 0,50€ level: 16 - HandId: #673063161020022788-93-1462547076 - Holdem no limit (500/2000/4000) - 2016/05/06 15:04:36 UTC
Table: 'Kill The Fish(156709729)#003' 8-max (real money) Seat #6 is the button
Seat 1: manggy94 (98346)
Seat 2: chan777 (119515)
Seat 3: le sbibi (114446)
Seat 5: blaiski1969 (38788)
Seat 6: 31mars (267955)
Seat 7: Crapulax-kev (159297)
Seat 8: FreeAACarD (195641)
*** ANTE/BLINDS ***
FreeAACarD posts ante 500
manggy94 posts ante 500
chan777 posts ante 500
le sbibi posts ante 500
blaiski1969 posts ante 500
31mars posts ante 500
FreeAACarD posts small blind 2000
manggy94 posts big blind 4000
Dealt to manggy94 [Ac Kh]
*** PRE-FLOP *** 
chan777 folds
le sbibi folds
blaiski1969 folds
31mars folds
FreeAACarD raises 4000 to 8000
manggy94 raises 19000 to 27000
FreeAACarD folds
manggy94 collected 38000 from pot
*** SUMMARY ***
Total pot 38000 | No rake
Seat 1: manggy94 (big blind) won 38000


Winamax Poker - Tournament "Kill The Fish" buyIn: 2,25€ + 2,25€ + 0,50€ level: 16 - HandId: #673063161020022788-94-1462547119 - Holdem no limit (500/2000/4000) - 2016/05/06 15:05:19 UTC
Table: 'Kill The Fish(156709729)#003' 8-max (real money) Seat #8 is the button
Seat 1: manggy94 (108846)
Seat 2: chan777 (119015)
Seat 3: le sbibi (113946)
Seat 5: blaiski1969 (38288)
Seat 6: 31mars (267455)
Seat 7: Crapulax-kev (159297)
Seat 8: FreeAACarD (187141)
*** ANTE/BLINDS ***
manggy94 posts ante 500
chan777 posts ante 500
le sbibi posts ante 500
blaiski1969 posts ante 500
31mars posts ante 500
Crapulax-kev posts ante 500
FreeAACarD posts ante 500
manggy94 posts small blind 2000
chan777 posts big blind 4000
Dealt to manggy94 [2s 4d]
*** PRE-FLOP *** 
le sbibi raises 4000 to 8000
blaiski1969 calls 8000
31mars calls 8000
Crapulax-kev folds
FreeAACarD folds
manggy94 folds
chan777 calls 4000
*** FLOP *** [3s 9d 5s]
chan777 checks
le sbibi checks
blaiski1969 bets 29788 and is all-in
31mars folds
chan777 calls 29788
le sbibi folds
*** TURN *** [3s 9d 5s][3d]
*** RIVER *** [3s 9d 5s 3d][2h]
*** SHOW DOWN ***
blaiski1969 shows [Tc Kh] (One pair : 3)
chan777 shows [Qs 3h] (Trips of 3)
chan777 collected 97076 from pot
*** SUMMARY ***
Total pot 97076 | No rake
Board: [3s 9d 5s 3d 2h]
Seat 2: chan777 (big blind) showed [Qs 3h] and won 97076 with Trips of 3
Seat 5: blaiski1969 showed [Tc Kh] and lost with One pair : 3


Winamax Poker - Tournament "Kill The Fish" buyIn: 2,25€ + 2,25€ + 0,50€ level: 16 - HandId: #673063161020022788-95-1462547198 - Holdem no limit (500/2000/4000) - 2016/05/06 15:06:38 UTC
Table: 'Kill The Fish(156709729)#003' 8-max (real money) Seat #1 is the button
Seat 1: manggy94 (106346)
Seat 2: chan777 (177803)
Seat 3: le sbibi (105446)
Seat 6: 31mars (258955)
Seat 7: Crapulax-kev (158797)
Seat 8: FreeAACarD (186641)
*** ANTE/BLINDS ***
chan777 posts ante 500
le sbibi posts ante 500
manggy94 posts ante 500
31mars posts ante 500
Crapulax-kev posts ante 500
FreeAACarD posts ante 500
chan777 posts small blind 2000
le sbibi posts big blind 4000
Dealt to manggy94 [2h 7s]
*** PRE-FLOP *** 
31mars calls 4000
Crapulax-kev folds
FreeAACarD folds
manggy94 folds
chan777 calls 2000
le sbibi checks
*** FLOP *** [Th Qd Kc]
chan777 checks
le sbibi checks
31mars checks
*** TURN *** [Th Qd Kc][3s]
chan777 bets 7500
le sbibi calls 7500
31mars folds
*** RIVER *** [Th Qd Kc 3s][2s]
chan777 bets 15000
le sbibi folds
chan777 collected 45000 from pot
*** SUMMARY ***
Total pot 45000 | No rake
Board: [Th Qd Kc 3s 2s]
Seat 2: chan777 (small blind) won 45000


Winamax Poker - Tournament "Kill The Fish" buyIn: 2,25€ + 2,25€ + 0,50€ level: 17 - HandId: #673063161020022788-96-1462547245 - Holdem no limit (620/2500/5000) - 2016/05/06 15:07:25 UTC
Table: 'Kill The Fish(156709729)#003' 8-max (real money) Seat #2 is the button
Seat 1: manggy94 (105846)
Seat 2: chan777 (195803)
Seat 3: le sbibi (93446)
Seat 4: pokpok85500 (158647)
Seat 5: DonkGeniCall (208624)
Seat 6: 31mars (254455)
Seat 7: Crapulax-kev (158297)
Seat 8: FreeAACarD (186141)
*** ANTE/BLINDS ***
le sbibi posts ante 620
pokpok85500 posts ante 620
manggy94 posts ante 620
chan777 posts ante 620
DonkGeniCall posts ante 620
31mars posts ante 620
Crapulax-kev posts ante 620
FreeAACarD posts ante 620
le sbibi posts small blind 2500
pokpok85500 posts big blind 5000
Dealt to manggy94 [6d 9d]
*** PRE-FLOP *** 
DonkGeniCall folds
31mars calls 5000
Crapulax-kev folds
FreeAACarD calls 5000
manggy94 folds
chan777 folds
le sbibi calls 2500
pokpok85500 checks
*** FLOP *** [As 3c 6c]
le sbibi checks
pokpok85500 checks
31mars checks
FreeAACarD bets 12480
le sbibi folds
pokpok85500 folds
31mars folds
FreeAACarD collected 37440 from pot
*** SUMMARY ***
Total pot 37440 | No rake
Board: [As 3c 6c]
Seat 8: FreeAACarD won 37440


Winamax Poker - Tournament "Kill The Fish" buyIn: 2,25€ + 2,25€ + 0,50€ level: 17 - HandId: #673063161020022788-97-1462547293 - Holdem no limit (620/2500/5000) - 2016/05/06 15:08:13 UTC
Table: 'Kill The Fish(156709729)#003' 8-max (real money) Seat #3 is the button
Seat 1: manggy94 (105226)
Seat 2: chan777 (195183)
Seat 3: le sbibi (87826)
Seat 4: pokpok85500 (153027)
Seat 5: DonkGeniCall (208004)
Seat 6: 31mars (248835)
Seat 7: Crapulax-kev (157677)
Seat 8: FreeAACarD (205481)
*** ANTE/BLINDS ***
pokpok85500 posts ante 620
DonkGeniCall posts ante 620
manggy94 posts ante 620
chan777 posts ante 620
le sbibi posts ante 620
31mars posts ante 620
Crapulax-kev posts ante 620
FreeAACarD posts ante 620
pokpok85500 posts small blind 2500
DonkGeniCall posts big blind 5000
Dealt to manggy94 [6d 7c]
*** PRE-FLOP *** 
31mars folds
Crapulax-kev folds
FreeAACarD folds
manggy94 folds
chan777 raises 6000 to 11000
le sbibi raises 76206 to 87206 and is all-in
pokpok85500 folds
DonkGeniCall folds
chan777 folds
le sbibi collected 110666 from pot
*** SUMMARY ***
Total pot 110666 | No rake
Seat 3: le sbibi (button) won 110666


Winamax Poker - Tournament "Kill The Fish" buyIn: 2,25€ + 2,25€ + 0,50€ level: 17 - HandId: #673063161020022788-98-1462547327 - Holdem no limit (620/2500/5000) - 2016/05/06 15:08:47 UTC
Table: 'Kill The Fish(156709729)#003' 8-max (real money) Seat #4 is the button
Seat 1: manggy94 (104606)
Seat 2: chan777 (183563)
Seat 3: le sbibi (110666)
Seat 4: pokpok85500 (149907)
Seat 5: DonkGeniCall (202384)
Seat 6: 31mars (248215)
Seat 7: Crapulax-kev (157057)
Seat 8: FreeAACarD (204861)
*** ANTE/BLINDS ***
DonkGeniCall posts ante 620
31mars posts ante 620
manggy94 posts ante 620
chan777 posts ante 620
le sbibi posts ante 620
pokpok85500 posts ante 620
Crapulax-kev posts ante 620
FreeAACarD posts ante 620
DonkGeniCall posts small blind 2500
31mars posts big blind 5000
Dealt to manggy94 [7s 5d]
*** PRE-FLOP *** 
Crapulax-kev calls 5000
FreeAACarD folds
manggy94 folds
chan777 folds
le sbibi calls 5000
pokpok85500 folds
DonkGeniCall folds
31mars checks
*** FLOP *** [3h 4d Jh]
31mars checks
Crapulax-kev bets 5000
le sbibi raises 12500 to 17500
31mars folds
Crapulax-kev folds
le sbibi collected 44960 from pot
*** SUMMARY ***
Total pot 44960 | No rake
Board: [3h 4d Jh]
Seat 3: le sbibi won 44960


Winamax Poker - Tournament "Kill The Fish" buyIn: 2,25€ + 2,25€ + 0,50€ level: 17 - HandId: #673063161020022788-99-1462547363 - Holdem no limit (620/2500/5000) - 2016/05/06 15:09:23 UTC
Table: 'Kill The Fish(156709729)#003' 8-max (real money) Seat #5 is the button
Seat 1: manggy94 (103986)
Seat 2: chan777 (182943)
Seat 3: le sbibi (132506)
Seat 4: pokpok85500 (149287)
Seat 5: DonkGeniCall (199264)
Seat 6: 31mars (242595)
Seat 7: Crapulax-kev (146437)
Seat 8: FreeAACarD (204241)
*** ANTE/BLINDS ***
31mars posts ante 620
Crapulax-kev posts ante 620
manggy94 posts ante 620
chan777 posts ante 620
le sbibi posts ante 620
pokpok85500 posts ante 620
DonkGeniCall posts ante 620
FreeAACarD posts ante 620
31mars posts small blind 2500
Crapulax-kev posts big blind 5000
Dealt to manggy94 [Qd 3h]
*** PRE-FLOP *** 
FreeAACarD folds
manggy94 folds
chan777 folds
le sbibi folds
pokpok85500 folds
DonkGeniCall folds
31mars raises 236975 to 241975 and is all-in
Crapulax-kev calls 140817 and is all-in
*** FLOP *** [9h Td 4h]
*** TURN *** [9h Td 4h][5c]
*** RIVER *** [9h Td 4h 5c][Ks]
*** SHOW DOWN ***
Crapulax-kev shows [Th As] (One pair : Tens)
31mars shows [Jh Ah] (High card : Ace)
31mars collected 96158 from side pot 1
Crapulax-kev collected 296594 from main pot
*** SUMMARY ***
Total pot 392752 | No rake
Board: [9h Td 4h 5c Ks]
Seat 6: 31mars (small blind) showed [Jh Ah] and won 96158 with High card : Ace
Seat 7: Crapulax-kev (big blind) showed [Th As] and won 296594 with One pair : Tens


Winamax Poker - Tournament "Kill The Fish" buyIn: 2,25€ + 2,25€ + 0,50€ level: 17 - HandId: #673063161020022785-125-1462547448 - Holdem no limit (620/2500/5000) - 2016/05/06 15:10:48 UTC
Table: 'Kill The Fish(156709729)#000' 8-max (real money) Seat #3 is the button
Seat 1: mikl.kike68 (208134)
Seat 2: mamiejo83 (108206)
Seat 3: manggy94 (103366)
Seat 4: Whine_Up (109809)
Seat 5: gooabi13 (102164)
Seat 6: Teub Life (25990)
Seat 8: Thomas_SAS (51132)
*** ANTE/BLINDS ***
Whine_Up posts ante 620
gooabi13 posts ante 620
mikl.kike68 posts ante 620
mamiejo83 posts ante 620
Teub Life posts ante 620
Thomas_SAS posts ante 620
Whine_Up posts small blind 2500
gooabi13 posts big blind 5000
*** PRE-FLOP *** 
Teub Life folds
Thomas_SAS raises 45512 to 50512 and is all-in
mikl.kike68 folds
mamiejo83 folds
Whine_Up folds
gooabi13 calls 45512
*** FLOP *** [5d 2d Jh]
*** TURN *** [5d 2d Jh][Tc]
*** RIVER *** [5d 2d Jh Tc][6c]
*** SHOW DOWN ***
Thomas_SAS shows [Qd Ad] (High card : Ace)
gooabi13 shows [8h 8d] (One pair : 8)
gooabi13 collected 107244 from pot
*** SUMMARY ***
Total pot 107244 | No rake
Board: [5d 2d Jh Tc 6c]
Seat 5: gooabi13 (big blind) showed [8h 8d] and won 107244 with One pair : 8
Seat 8: Thomas_SAS showed [Qd Ad] and lost with High card : Ace


Winamax Poker - Tournament "Kill The Fish" buyIn: 2,25€ + 2,25€ + 0,50€ level: 17 - HandId: #673063161020022785-126-1462547477 - Holdem no limit (620/2500/5000) - 2016/05/06 15:11:17 UTC
Table: 'Kill The Fish(156709729)#000' 8-max (real money) Seat #4 is the button
Seat 1: mikl.kike68 (207514)
Seat 2: mamiejo83 (107586)
Seat 3: manggy94 (103366)
Seat 4: Whine_Up (106689)
Seat 5: gooabi13 (158276)
Seat 6: Teub Life (25370)
*** ANTE/BLINDS ***
gooabi13 posts ante 620
Teub Life posts ante 620
mikl.kike68 posts ante 620
mamiejo83 posts ante 620
manggy94 posts ante 620
Whine_Up posts ante 620
gooabi13 posts small blind 2500
Teub Life posts big blind 5000
Dealt to manggy94 [Ad Tc]
*** PRE-FLOP *** 
mikl.kike68 folds
mamiejo83 folds
manggy94 raises 5000 to 10000
Whine_Up folds
gooabi13 folds
Teub Life folds
manggy94 collected 21220 from pot
*** SUMMARY ***
Total pot 21220 | No rake
Seat 3: manggy94 won 21220


Winamax Poker - Tournament "Kill The Fish" buyIn: 2,25€ + 2,25€ + 0,50€ level: 17 - HandId: #673063161020022785-127-1462547491 - Holdem no limit (620/2500/5000) - 2016/05/06 15:11:31 UTC
Table: 'Kill The Fish(156709729)#000' 8-max (real money) Seat #5 is the button
Seat 1: mikl.kike68 (206894)
Seat 2: mamiejo83 (106966)
Seat 3: manggy94 (113966)
Seat 4: Whine_Up (106069)
Seat 5: gooabi13 (155156)
Seat 6: Teub Life (19750)
Seat 7: livyordrim22 (81422)
*** ANTE/BLINDS ***
Teub Life posts ante 620
livyordrim22 posts ante 620
mikl.kike68 posts ante 620
mamiejo83 posts ante 620
manggy94 posts ante 620
Whine_Up posts ante 620
gooabi13 posts ante 620
Teub Life posts small blind 2500
livyordrim22 posts big blind 5000
Dealt to manggy94 [Jc 3s]
*** PRE-FLOP *** 
mikl.kike68 folds
mamiejo83 folds
manggy94 folds
Whine_Up raises 6000 to 11000
gooabi13 folds
Teub Life folds
livyordrim22 raises 69000 to 80000
Whine_Up folds
livyordrim22 collected 97840 from pot
*** SUMMARY ***
Total pot 97840 | No rake
Seat 7: livyordrim22 (big blind) won 97840


Winamax Poker - Tournament "Kill The Fish" buyIn: 2,25€ + 2,25€ + 0,50€ level: 18 - HandId: #673063161020022785-128-1462547593 - Holdem no limit (820/3000/6000) - 2016/05/06 15:13:13 UTC
Table: 'Kill The Fish(156709729)#000' 8-max (real money) Seat #6 is the button
Seat 1: mikl.kike68 (206274)
Seat 2: mamiejo83 (106346)
Seat 3: manggy94 (113346)
Seat 4: Whine_Up (94449)
Seat 5: gooabi13 (154536)
Seat 6: Teub Life (16630)
Seat 7: livyordrim22 (98642)
*** ANTE/BLINDS ***
livyordrim22 posts ante 820
mikl.kike68 posts ante 820
mamiejo83 posts ante 820
manggy94 posts ante 820
Whine_Up posts ante 820
gooabi13 posts ante 820
Teub Life posts ante 820
livyordrim22 posts small blind 3000
mikl.kike68 posts big blind 6000
Dealt to manggy94 [4s Td]
*** PRE-FLOP *** 
mamiejo83 folds
manggy94 folds
Whine_Up folds
gooabi13 folds
Teub Life raises 9810 to 15810 and is all-in
livyordrim22 raises 82012 to 97822 and is all-in
mikl.kike68 folds
*** FLOP *** [2s 7c 8h]
*** TURN *** [2s 7c 8h][Jd]
*** RIVER *** [2s 7c 8h Jd][8s]
*** SHOW DOWN ***
Teub Life shows [3c As] (One pair : 8)
livyordrim22 shows [6h Ad] (One pair : 8)
livyordrim22 collected 103692 from side pot 1
Teub Life collected 21680 from main pot
*** SUMMARY ***
Total pot 125372 | No rake
Board: [2s 7c 8h Jd 8s]
Seat 6: Teub Life (button) showed [3c As] and won 21680 with One pair : 8
Seat 7: livyordrim22 (small blind) showed [6h Ad] and won 103692 with One pair : 8


Winamax Poker - Tournament "Kill The Fish" buyIn: 2,25€ + 2,25€ + 0,50€ level: 18 - HandId: #673063161020022785-129-1462547626 - Holdem no limit (820/3000/6000) - 2016/05/06 15:13:46 UTC
Table: 'Kill The Fish(156709729)#000' 8-max (real money) Seat #7 is the button
Seat 1: mikl.kike68 (199454)
Seat 2: mamiejo83 (105526)
Seat 3: manggy94 (112526)
Seat 4: Whine_Up (93629)
Seat 5: gooabi13 (153716)
Seat 6: Teub Life (21680)
Seat 7: livyordrim22 (103692)
*** ANTE/BLINDS ***
mikl.kike68 posts ante 820
mamiejo83 posts ante 820
manggy94 posts ante 820
Whine_Up posts ante 820
gooabi13 posts ante 820
Teub Life posts ante 820
livyordrim22 posts ante 820
mikl.kike68 posts small blind 3000
mamiejo83 posts big blind 6000
Dealt to manggy94 [Ad 6h]
*** PRE-FLOP *** 
manggy94 calls 6000
Whine_Up folds
gooabi13 folds
Teub Life raises 14860 to 20860 and is all-in
livyordrim22 folds
mikl.kike68 raises 45140 to 66000
mamiejo83 folds
manggy94 folds
*** FLOP *** [Kh 3c 3h]
*** TURN *** [Kh 3c 3h][4s]
*** RIVER *** [Kh 3c 3h 4s][6c]
*** SHOW DOWN ***
Teub Life shows [As Qh] (One pair : 3)
mikl.kike68 shows [9c 9h] (Two pairs : 9 and 3)
mikl.kike68 collected 104600 from pot
*** SUMMARY ***
Total pot 104600 | No rake
Board: [Kh 3c 3h 4s 6c]
Seat 1: mikl.kike68 (small blind) showed [9c 9h] and won 104600 with Two pairs : 9 and 3
Seat 6: Teub Life showed [As Qh] and lost with One pair : 3


Winamax Poker - Tournament "Kill The Fish" buyIn: 2,25€ + 2,25€ + 0,50€ level: 18 - HandId: #673063161020022785-130-1462547660 - Holdem no limit (820/3000/6000) - 2016/05/06 15:14:20 UTC
Table: 'Kill The Fish(156709729)#000' 8-max (real money) Seat #1 is the button
Seat 1: mikl.kike68 (237234)
Seat 2: mamiejo83 (98706)
Seat 3: manggy94 (105706)
Seat 4: Whine_Up (92809)
Seat 5: gooabi13 (152896)
Seat 7: livyordrim22 (102872)
*** ANTE/BLINDS ***
mamiejo83 posts ante 820
manggy94 posts ante 820
mikl.kike68 posts ante 820
Whine_Up posts ante 820
gooabi13 posts ante 820
livyordrim22 posts ante 820
mamiejo83 posts small blind 3000
manggy94 posts big blind 6000
Dealt to manggy94 [Jc 3s]
*** PRE-FLOP *** 
Whine_Up folds
gooabi13 folds
livyordrim22 raises 6000 to 12000
mikl.kike68 folds
mamiejo83 calls 9000
manggy94 folds
*** FLOP *** [3d Js 5d]
mamiejo83 bets 85886 and is all-in
livyordrim22 folds
mamiejo83 collected 120806 from pot
*** SUMMARY ***
Total pot 120806 | No rake
Board: [3d Js 5d]
Seat 2: mamiejo83 (small blind) won 120806


Winamax Poker - Tournament "Kill The Fish" buyIn: 2,25€ + 2,25€ + 0,50€ level: 18 - HandId: #673063161020022785-131-1462547675 - Holdem no limit (820/3000/6000) - 2016/05/06 15:14:35 UTC
Table: 'Kill The Fish(156709729)#000' 8-max (real money) Seat #2 is the button
Seat 1: mikl.kike68 (236414)
Seat 2: mamiejo83 (120806)
Seat 3: manggy94 (98886)
Seat 4: Whine_Up (91989)
Seat 5: gooabi13 (152076)
Seat 7: livyordrim22 (90052)
*** ANTE/BLINDS ***
manggy94 posts ante 820
Whine_Up posts ante 820
mikl.kike68 posts ante 820
mamiejo83 posts ante 820
gooabi13 posts ante 820
livyordrim22 posts ante 820
manggy94 posts small blind 3000
Whine_Up posts big blind 6000
Dealt to manggy94 [7c 6d]
*** PRE-FLOP *** 
gooabi13 folds
livyordrim22 folds
mikl.kike68 folds
mamiejo83 folds
manggy94 raises 6000 to 12000
Whine_Up raises 79169 to 91169 and is all-in
manggy94 folds
Whine_Up collected 108089 from pot
*** SUMMARY ***
Total pot 108089 | No rake
Seat 4: Whine_Up (big blind) won 108089


Winamax Poker - Tournament "Kill The Fish" buyIn: 2,25€ + 2,25€ + 0,50€ level: 18 - HandId: #673063161020022785-132-1462547694 - Holdem no limit (820/3000/6000) - 2016/05/06 15:14:54 UTC
Table: 'Kill The Fish(156709729)#000' 8-max (real money) Seat #3 is the button
Seat 1: mikl.kike68 (235594)
Seat 2: mamiejo83 (119986)
Seat 3: manggy94 (86066)
Seat 4: Whine_Up (108089)
Seat 5: gooabi13 (151256)
Seat 6: stef60110 (32497)
Seat 7: livyordrim22 (89232)
Seat 8: 3DTtKYT1 (85620)
*** ANTE/BLINDS ***
Whine_Up posts ante 820
gooabi13 posts ante 820
mikl.kike68 posts ante 820
mamiejo83 posts ante 820
manggy94 posts ante 820
stef60110 posts ante 820
livyordrim22 posts ante 820
3DTtKYT1 posts ante 820
Whine_Up posts small blind 3000
gooabi13 posts big blind 6000
Dealt to manggy94 [Td 4c]
*** PRE-FLOP *** 
stef60110 folds
livyordrim22 folds
3DTtKYT1 folds
mikl.kike68 folds
mamiejo83 raises 9000 to 15000
manggy94 folds
Whine_Up raises 92269 to 107269 and is all-in
gooabi13 folds
mamiejo83 calls 92269
*** FLOP *** [Jh 4h 2s]
*** TURN *** [Jh 4h 2s][Kc]
*** RIVER *** [Jh 4h 2s Kc][Jd]
*** SHOW DOWN ***
Whine_Up shows [Qs Ks] (Two pairs : Kings and Jacks)
mamiejo83 shows [As Ac] (Two pairs : Aces and Jacks)
mamiejo83 collected 227098 from pot
*** SUMMARY ***
Total pot 227098 | No rake
Board: [Jh 4h 2s Kc Jd]
Seat 2: mamiejo83 showed [As Ac] and won 227098 with Two pairs : Aces and Jacks
Seat 4: Whine_Up (small blind) showed [Qs Ks] and lost with Two pairs : Kings and Jacks


Winamax Poker - Tournament "Kill The Fish" buyIn: 2,25€ + 2,25€ + 0,50€ level: 18 - HandId: #673063161020022785-133-1462547759 - Holdem no limit (820/3000/6000) - 2016/05/06 15:15:59 UTC
Table: 'Kill The Fish(156709729)#000' 8-max (real money) Seat #4 is the button
Seat 1: mikl.kike68 (234774)
Seat 2: mamiejo83 (238995)
Seat 3: manggy94 (85246)
Seat 5: gooabi13 (144436)
Seat 6: stef60110 (31677)
Seat 7: livyordrim22 (88412)
Seat 8: 3DTtKYT1 (84800)
*** ANTE/BLINDS ***
gooabi13 posts ante 820
stef60110 posts ante 820
mikl.kike68 posts ante 820
mamiejo83 posts ante 820
manggy94 posts ante 820
livyordrim22 posts ante 820
3DTtKYT1 posts ante 820
gooabi13 posts small blind 3000
stef60110 posts big blind 6000
Dealt to manggy94 [9s Ac]
*** PRE-FLOP *** 
livyordrim22 folds
3DTtKYT1 folds
mikl.kike68 folds
mamiejo83 folds
manggy94 raises 20740 to 26740
gooabi13 folds
stef60110 raises 4117 to 30857 and is all-in
manggy94 calls 4117
*** FLOP *** [Tc 6c Kc]
*** TURN *** [Tc 6c Kc][8s]
*** RIVER *** [Tc 6c Kc 8s][6h]
*** SHOW DOWN ***
stef60110 shows [Jh Qh] (One pair : 6)
manggy94 shows [9s Ac] (One pair : 6)
manggy94 collected 70454 from pot
*** SUMMARY ***
Total pot 70454 | No rake
Board: [Tc 6c Kc 8s 6h]
Seat 3: manggy94 showed [9s Ac] and won 70454 with One pair : 6
Seat 6: stef60110 (big blind) showed [Jh Qh] and lost with One pair : 6


Winamax Poker - Tournament "Kill The Fish" buyIn: 2,25€ + 2,25€ + 0,50€ level: 18 - HandId: #673063161020022785-134-1462547793 - Holdem no limit (820/3000/6000) - 2016/05/06 15:16:33 UTC
Table: 'Kill The Fish(156709729)#000' 8-max (real money) Seat #5 is the button
Seat 1: mikl.kike68 (233954)
Seat 2: mamiejo83 (238175)
Seat 3: manggy94 (124023)
Seat 5: gooabi13 (140616)
Seat 7: livyordrim22 (87592)
Seat 8: 3DTtKYT1 (83980)
*** ANTE/BLINDS ***
livyordrim22 posts ante 820
mikl.kike68 posts ante 820
mamiejo83 posts ante 820
manggy94 posts ante 820
gooabi13 posts ante 820
3DTtKYT1 posts ante 820
livyordrim22 posts big blind 6000
Dealt to manggy94 [Qh 2c]
*** PRE-FLOP *** 
3DTtKYT1 folds
mikl.kike68 folds
mamiejo83 raises 6000 to 12000
manggy94 folds
gooabi13 raises 127796 to 139796 and is all-in
livyordrim22 folds
mamiejo83 calls 127796
*** FLOP *** [6d Jh 5d]
*** TURN *** [6d Jh 5d][5h]
*** RIVER *** [6d Jh 5d 5h][Td]
*** SHOW DOWN ***
mamiejo83 shows [9h Ah] (One pair : 5)
gooabi13 shows [Ac Ts] (Two pairs : Tens and 5)
gooabi13 collected 290512 from pot
*** SUMMARY ***
Total pot 290512 | No rake
Board: [6d Jh 5d 5h Td]
Seat 2: mamiejo83 showed [9h Ah] and lost with One pair : 5
Seat 5: gooabi13 (button) showed [Ac Ts] and won 290512 with Two pairs : Tens and 5


Winamax Poker - Tournament "Kill The Fish" buyIn: 2,25€ + 2,25€ + 0,50€ level: 18 - HandId: #673063161020022785-135-1462547817 - Holdem no limit (820/3000/6000) - 2016/05/06 15:16:57 UTC
Table: 'Kill The Fish(156709729)#000' 8-max (real money) Seat #6 is the button
Seat 1: mikl.kike68 (233134)
Seat 2: mamiejo83 (97559)
Seat 3: manggy94 (123203)
Seat 5: gooabi13 (290512)
Seat 6: chan777 (184623)
Seat 7: livyordrim22 (80772)
Seat 8: 3DTtKYT1 (83160)
*** ANTE/BLINDS ***
livyordrim22 posts ante 820
3DTtKYT1 posts ante 820
mikl.kike68 posts ante 820
mamiejo83 posts ante 820
manggy94 posts ante 820
gooabi13 posts ante 820
livyordrim22 posts small blind 3000
3DTtKYT1 posts big blind 6000
Dealt to manggy94 [Kc 8s]
*** PRE-FLOP *** 
mikl.kike68 folds
mamiejo83 folds
manggy94 calls 6000
gooabi13 folds
livyordrim22 folds
3DTtKYT1 checks
*** FLOP *** [6h Jd Td]
3DTtKYT1 checks
manggy94 bets 13280
3DTtKYT1 calls 13280
*** TURN *** [6h Jd Td][5c]
3DTtKYT1 checks
manggy94 bets 30987
3DTtKYT1 folds
manggy94 collected 77467 from pot
*** SUMMARY ***
Total pot 77467 | No rake
Board: [6h Jd Td 5c]
Seat 3: manggy94 won 77467


Winamax Poker - Tournament "Kill The Fish" buyIn: 2,25€ + 2,25€ + 0,50€ level: 18 - HandId: #673063161020022785-136-1462547873 - Holdem no limit (820/3000/6000) - 2016/05/06 15:17:53 UTC
Table: 'Kill The Fish(156709729)#000' 8-max (real money) Seat #7 is the button
Seat 1: mikl.kike68 (232314)
Seat 2: mamiejo83 (96739)
Seat 3: manggy94 (149583)
Seat 5: gooabi13 (289692)
Seat 6: chan777 (184623)
Seat 7: livyordrim22 (76952)
Seat 8: 3DTtKYT1 (63060)
*** ANTE/BLINDS ***
3DTtKYT1 posts ante 820
mikl.kike68 posts ante 820
mamiejo83 posts ante 820
manggy94 posts ante 820
gooabi13 posts ante 820
chan777 posts ante 820
livyordrim22 posts ante 820
3DTtKYT1 posts small blind 3000
mikl.kike68 posts big blind 6000
Dealt to manggy94 [Ad 3h]
*** PRE-FLOP *** 
mamiejo83 folds
manggy94 calls 6000
gooabi13 folds
chan777 folds
livyordrim22 calls 6000
3DTtKYT1 folds
mikl.kike68 checks
*** FLOP *** [Th 6h 4h]
mikl.kike68 checks
manggy94 checks
livyordrim22 bets 15000
mikl.kike68 folds
manggy94 folds
livyordrim22 collected 41740 from pot
*** SUMMARY ***
Total pot 41740 | No rake
Board: [Th 6h 4h]
Seat 7: livyordrim22 (button) won 41740


Winamax Poker - Tournament "Kill The Fish" buyIn: 2,25€ + 2,25€ + 0,50€ level: 18 - HandId: #673063161020022785-137-1462547928 - Holdem no limit (820/3000/6000) - 2016/05/06 15:18:48 UTC
Table: 'Kill The Fish(156709729)#000' 8-max (real money) Seat #8 is the button
Seat 1: mikl.kike68 (225494)
Seat 2: mamiejo83 (95919)
Seat 3: manggy94 (142763)
Seat 5: gooabi13 (288872)
Seat 6: chan777 (183803)
Seat 7: livyordrim22 (96872)
Seat 8: 3DTtKYT1 (59240)
*** ANTE/BLINDS ***
mikl.kike68 posts ante 820
mamiejo83 posts ante 820
manggy94 posts ante 820
gooabi13 posts ante 820
chan777 posts ante 820
livyordrim22 posts ante 820
3DTtKYT1 posts ante 820
mikl.kike68 posts small blind 3000
mamiejo83 posts big blind 6000
Dealt to manggy94 [Kc Jd]
*** PRE-FLOP *** 
manggy94 raises 6000 to 12000
gooabi13 folds
chan777 folds
livyordrim22 folds
3DTtKYT1 folds
mikl.kike68 folds
mamiejo83 calls 6000
*** FLOP *** [7s 2d 5c]
mamiejo83 bets 83099 and is all-in
manggy94 folds
mamiejo83 collected 115839 from pot
*** SUMMARY ***
Total pot 115839 | No rake
Board: [7s 2d 5c]
Seat 2: mamiejo83 (big blind) won 115839


Winamax Poker - Tournament "Kill The Fish" buyIn: 2,25€ + 2,25€ + 0,50€ level: 19 - HandId: #673063161020022785-138-1462547954 - Holdem no limit (950/4000/8000) - 2016/05/06 15:19:14 UTC
Table: 'Kill The Fish(156709729)#000' 8-max (real money) Seat #1 is the button
Seat 1: mikl.kike68 (221674)
Seat 2: mamiejo83 (115839)
Seat 3: manggy94 (129943)
Seat 5: gooabi13 (288052)
Seat 6: chan777 (182983)
Seat 7: livyordrim22 (96052)
Seat 8: 3DTtKYT1 (58420)
*** ANTE/BLINDS ***
mamiejo83 posts ante 950
manggy94 posts ante 950
mikl.kike68 posts ante 950
gooabi13 posts ante 950
chan777 posts ante 950
livyordrim22 posts ante 950
3DTtKYT1 posts ante 950
mamiejo83 posts small blind 4000
manggy94 posts big blind 8000
Dealt to manggy94 [8s Td]
*** PRE-FLOP *** 
gooabi13 folds
chan777 folds
livyordrim22 folds
3DTtKYT1 raises 49470 to 57470 and is all-in
mikl.kike68 calls 57470
mamiejo83 folds
manggy94 folds
*** FLOP *** [Qc 2c 5s]
*** TURN *** [Qc 2c 5s][2s]
*** RIVER *** [Qc 2c 5s 2s][As]
*** SHOW DOWN ***
3DTtKYT1 shows [7c 7h] (Two pairs : 7 and 2)
mikl.kike68 shows [Kh Qh] (Two pairs : Queens and 2)
mikl.kike68 collected 133590 from pot
*** SUMMARY ***
Total pot 133590 | No rake
Board: [Qc 2c 5s 2s As]
Seat 1: mikl.kike68 (button) showed [Kh Qh] and won 133590 with Two pairs : Queens and 2
Seat 8: 3DTtKYT1 showed [7c 7h] and lost with Two pairs : 7 and 2


Winamax Poker - Tournament "Kill The Fish" buyIn: 2,25€ + 2,25€ + 0,50€ level: 19 - HandId: #673063161020022785-139-1462547980 - Holdem no limit (950/4000/8000) - 2016/05/06 15:19:40 UTC
Table: 'Kill The Fish(156709729)#000' 8-max (real money) Seat #2 is the button
Seat 1: mikl.kike68 (296844)
Seat 2: mamiejo83 (110889)
Seat 3: manggy94 (120993)
Seat 5: gooabi13 (287102)
Seat 6: chan777 (182033)
Seat 7: livyordrim22 (95102)
*** ANTE/BLINDS ***
manggy94 posts ante 950
gooabi13 posts ante 950
mikl.kike68 posts ante 950
mamiejo83 posts ante 950
chan777 posts ante 950
livyordrim22 posts ante 950
manggy94 posts small blind 4000
gooabi13 posts big blind 8000
Dealt to manggy94 [Js 3h]
*** PRE-FLOP *** 
chan777 folds
livyordrim22 folds
mikl.kike68 folds
mamiejo83 raises 101939 to 109939 and is all-in
manggy94 folds
gooabi13 calls 101939
*** FLOP *** [Ac Kd Tc]
*** TURN *** [Ac Kd Tc][7h]
*** RIVER *** [Ac Kd Tc 7h][9c]
*** SHOW DOWN ***
gooabi13 shows [Th Qs] (One pair : Tens)
mamiejo83 shows [7d As] (Two pairs : Aces and 7)
mamiejo83 collected 229578 from pot
*** SUMMARY ***
Total pot 229578 | No rake
Board: [Ac Kd Tc 7h 9c]
Seat 2: mamiejo83 (button) showed [7d As] and won 229578 with Two pairs : Aces and 7
Seat 5: gooabi13 (big blind) showed [Th Qs] and lost with One pair : Tens


Winamax Poker - Tournament "Kill The Fish" buyIn: 2,25€ + 2,25€ + 0,50€ level: 19 - HandId: #673063161020022785-140-1462548001 - Holdem no limit (950/4000/8000) - 2016/05/06 15:20:01 UTC
Table: 'Kill The Fish(156709729)#000' 8-max (real money) Seat #3 is the button
Seat 1: mikl.kike68 (295894)
Seat 2: mamiejo83 (229578)
Seat 3: manggy94 (116043)
Seat 5: gooabi13 (176213)
Seat 6: chan777 (181083)
Seat 7: livyordrim22 (94152)
*** ANTE/BLINDS ***
gooabi13 posts ante 950
chan777 posts ante 950
mikl.kike68 posts ante 950
mamiejo83 posts ante 950
manggy94 posts ante 950
livyordrim22 posts ante 950
gooabi13 posts small blind 4000
chan777 posts big blind 8000
Dealt to manggy94 [4h 5d]
*** PRE-FLOP *** 
livyordrim22 folds
mikl.kike68 raises 12000 to 20000
mamiejo83 folds
manggy94 folds
gooabi13 folds
chan777 folds
mikl.kike68 collected 37700 from pot
*** SUMMARY ***
Total pot 37700 | No rake
Seat 1: mikl.kike68 won 37700


Winamax Poker - Tournament "Kill The Fish" buyIn: 2,25€ + 2,25€ + 0,50€ level: 19 - HandId: #673063161020022785-141-1462548016 - Holdem no limit (950/4000/8000) - 2016/05/06 15:20:16 UTC
Table: 'Kill The Fish(156709729)#000' 8-max (real money) Seat #5 is the button
Seat 1: mikl.kike68 (312644)
Seat 2: mamiejo83 (228628)
Seat 3: manggy94 (115093)
Seat 5: gooabi13 (171263)
Seat 6: chan777 (172133)
Seat 7: livyordrim22 (93202)
*** ANTE/BLINDS ***
chan777 posts ante 950
livyordrim22 posts ante 950
mikl.kike68 posts ante 950
mamiejo83 posts ante 950
manggy94 posts ante 950
gooabi13 posts ante 950
chan777 posts small blind 4000
livyordrim22 posts big blind 8000
Dealt to manggy94 [Qs 4s]
*** PRE-FLOP *** 
mikl.kike68 folds
mamiejo83 folds
manggy94 folds
gooabi13 raises 12000 to 20000
chan777 folds
livyordrim22 folds
gooabi13 collected 37700 from pot
*** SUMMARY ***
Total pot 37700 | No rake
Seat 5: gooabi13 (button) won 37700


Winamax Poker - Tournament "Kill The Fish" buyIn: 2,25€ + 2,25€ + 0,50€ level: 19 - HandId: #673063161020022785-142-1462548035 - Holdem no limit (950/4000/8000) - 2016/05/06 15:20:35 UTC
Table: 'Kill The Fish(156709729)#000' 8-max (real money) Seat #6 is the button
Seat 1: mikl.kike68 (311694)
Seat 2: mamiejo83 (227678)
Seat 3: manggy94 (114143)
Seat 5: gooabi13 (188013)
Seat 6: chan777 (167183)
Seat 7: livyordrim22 (84252)
*** ANTE/BLINDS ***
livyordrim22 posts ante 950
mikl.kike68 posts ante 950
mamiejo83 posts ante 950
manggy94 posts ante 950
gooabi13 posts ante 950
chan777 posts ante 950
livyordrim22 posts small blind 4000
mikl.kike68 posts big blind 8000
Dealt to manggy94 [2h 7h]
*** PRE-FLOP *** 
mamiejo83 folds
manggy94 folds
gooabi13 raises 16000 to 24000
chan777 folds
livyordrim22 folds
mikl.kike68 folds
gooabi13 collected 41700 from pot
*** SUMMARY ***
Total pot 41700 | No rake
Seat 5: gooabi13 won 41700


Winamax Poker - Tournament "Kill The Fish" buyIn: 2,25€ + 2,25€ + 0,50€ level: 19 - HandId: #673063161020022785-143-1462548056 - Holdem no limit (950/4000/8000) - 2016/05/06 15:20:56 UTC
Table: 'Kill The Fish(156709729)#000' 8-max (real money) Seat #7 is the button
Seat 1: mikl.kike68 (302744)
Seat 2: mamiejo83 (226728)
Seat 3: manggy94 (113193)
Seat 5: gooabi13 (204763)
Seat 6: chan777 (166233)
Seat 7: livyordrim22 (79302)
*** ANTE/BLINDS ***
mikl.kike68 posts ante 950
mamiejo83 posts ante 950
manggy94 posts ante 950
gooabi13 posts ante 950
chan777 posts ante 950
livyordrim22 posts ante 950
mikl.kike68 posts small blind 4000
mamiejo83 posts big blind 8000
Dealt to manggy94 [Th 7d]
*** PRE-FLOP *** 
manggy94 folds
gooabi13 raises 195813 to 203813 and is all-in
chan777 folds
livyordrim22 folds
mikl.kike68 folds
mamiejo83 folds
gooabi13 collected 221513 from pot
*** SUMMARY ***
Total pot 221513 | No rake
Seat 5: gooabi13 won 221513


Winamax Poker - Tournament "Kill The Fish" buyIn: 2,25€ + 2,25€ + 0,50€ level: 19 - HandId: #673063161020022785-144-1462548073 - Holdem no limit (950/4000/8000) - 2016/05/06 15:21:13 UTC
Table: 'Kill The Fish(156709729)#000' 8-max (real money) Seat #1 is the button
Seat 1: mikl.kike68 (297794)
Seat 2: mamiejo83 (217778)
Seat 3: manggy94 (112243)
Seat 5: gooabi13 (221513)
Seat 6: chan777 (165283)
Seat 7: livyordrim22 (78352)
*** ANTE/BLINDS ***
mamiejo83 posts ante 950
manggy94 posts ante 950
mikl.kike68 posts ante 950
gooabi13 posts ante 950
chan777 posts ante 950
livyordrim22 posts ante 950
mamiejo83 posts small blind 4000
manggy94 posts big blind 8000
Dealt to manggy94 [3d 3c]
*** PRE-FLOP *** 
gooabi13 folds
chan777 folds
livyordrim22 raises 69402 to 77402 and is all-in
mikl.kike68 folds
mamiejo83 folds
manggy94 calls 69402
*** FLOP *** [Qd Jd As]
*** TURN *** [Qd Jd As][9d]
*** RIVER *** [Qd Jd As 9d][Qc]
*** SHOW DOWN ***
manggy94 shows [3d 3c] (Two pairs : Queens and 3)
livyordrim22 shows [7d Ad] (Flush Ace high)
livyordrim22 collected 164504 from pot
*** SUMMARY ***
Total pot 164504 | No rake
Board: [Qd Jd As 9d Qc]
Seat 3: manggy94 (big blind) showed [3d 3c] and lost with Two pairs : Queens and 3
Seat 7: livyordrim22 showed [7d Ad] and won 164504 with Flush Ace high


Winamax Poker - Tournament "Kill The Fish" buyIn: 2,25€ + 2,25€ + 0,50€ level: 19 - HandId: #673063161020022785-145-1462548110 - Holdem no limit (950/4000/8000) - 2016/05/06 15:21:50 UTC
Table: 'Kill The Fish(156709729)#000' 8-max (real money) Seat #2 is the button
Seat 1: pokpok85500 (131097)
Seat 2: GEEKEINSTEIN (118040)
Seat 3: -RomS24- (88429)
Seat 4: CHROMOSOME Z (172079)
Seat 5: Lardon Bacon (181199)
Seat 6: manggy94 (33891)
Seat 7: mamiejo83 (212828)
Seat 8: DjanDjam92 (164613)
*** ANTE/BLINDS ***
-RomS24- posts ante 950
CHROMOSOME Z posts ante 950
pokpok85500 posts ante 950
GEEKEINSTEIN posts ante 950
Lardon Bacon posts ante 950
manggy94 posts ante 950
mamiejo83 posts ante 950
DjanDjam92 posts ante 950
-RomS24- posts small blind 4000
CHROMOSOME Z posts big blind 8000
Dealt to manggy94 [6d 7d]
*** PRE-FLOP *** 
Lardon Bacon raises 9650 to 17650
manggy94 folds
mamiejo83 folds
DjanDjam92 folds
pokpok85500 folds
GEEKEINSTEIN folds
-RomS24- folds
CHROMOSOME Z folds
Lardon Bacon collected 37250 from pot
*** SUMMARY ***
Total pot 37250 | No rake
Seat 5: Lardon Bacon won 37250


Winamax Poker - Tournament "Kill The Fish" buyIn: 2,25€ + 2,25€ + 0,50€ level: 19 - HandId: #673063161020022785-146-1462548127 - Holdem no limit (950/4000/8000) - 2016/05/06 15:22:07 UTC
Table: 'Kill The Fish(156709729)#000' 8-max (real money) Seat #3 is the button
Seat 1: pokpok85500 (130147)
Seat 2: GEEKEINSTEIN (117090)
Seat 3: -RomS24- (83479)
Seat 4: CHROMOSOME Z (163129)
Seat 5: Lardon Bacon (199849)
Seat 6: manggy94 (32941)
Seat 7: mamiejo83 (211878)
Seat 8: DjanDjam92 (163663)
*** ANTE/BLINDS ***
CHROMOSOME Z posts ante 950
Lardon Bacon posts ante 950
pokpok85500 posts ante 950
GEEKEINSTEIN posts ante 950
-RomS24- posts ante 950
manggy94 posts ante 950
mamiejo83 posts ante 950
DjanDjam92 posts ante 950
CHROMOSOME Z posts small blind 4000
Lardon Bacon posts big blind 8000
Dealt to manggy94 [Ks 6c]
*** PRE-FLOP *** 
manggy94 raises 23991 to 31991 and is all-in
mamiejo83 folds
DjanDjam92 folds
pokpok85500 folds
GEEKEINSTEIN folds
-RomS24- calls 31991
CHROMOSOME Z folds
Lardon Bacon raises 166908 to 198899 and is all-in
-RomS24- calls 50538 and is all-in
*** FLOP *** [9c Qh 6h]
*** TURN *** [9c Qh 6h][2d]
*** RIVER *** [9c Qh 6h 2d][6d]
*** SHOW DOWN ***
manggy94 shows [Ks 6c] (Trips of 6)
-RomS24- shows [As Kh] (One pair : 6)
Lardon Bacon shows [Ad Js] (One pair : 6)
Lardon Bacon collected 116370 from side pot 2
-RomS24- collected 101076 from side pot 1
manggy94 collected 107573 from main pot
*** SUMMARY ***
Total pot 325019 | No rake
Board: [9c Qh 6h 2d 6d]
Seat 3: -RomS24- (button) showed [As Kh] and won 101076 with One pair : 6
Seat 5: Lardon Bacon (big blind) showed [Ad Js] and won 116370 with One pair : 6
Seat 6: manggy94 showed [Ks 6c] and won 107573 with Trips of 6


Winamax Poker - Tournament "Kill The Fish" buyIn: 2,25€ + 2,25€ + 0,50€ level: 19 - HandId: #673063161020022785-147-1462548156 - Holdem no limit (950/4000/8000) - 2016/05/06 15:22:36 UTC
Table: 'Kill The Fish(156709729)#000' 8-max (real money) Seat #4 is the button
Seat 1: pokpok85500 (129197)
Seat 2: GEEKEINSTEIN (116140)
Seat 3: -RomS24- (101076)
Seat 4: CHROMOSOME Z (158179)
Seat 5: Lardon Bacon (116370)
Seat 6: manggy94 (107573)
Seat 7: mamiejo83 (210928)
Seat 8: DjanDjam92 (162713)
*** ANTE/BLINDS ***
Lardon Bacon posts ante 950
manggy94 posts ante 950
pokpok85500 posts ante 950
GEEKEINSTEIN posts ante 950
-RomS24- posts ante 950
CHROMOSOME Z posts ante 950
mamiejo83 posts ante 950
DjanDjam92 posts ante 950
Lardon Bacon posts small blind 4000
manggy94 posts big blind 8000
Dealt to manggy94 [4h 2h]
*** PRE-FLOP *** 
mamiejo83 folds
DjanDjam92 folds
pokpok85500 folds
GEEKEINSTEIN calls 8000
-RomS24- folds
CHROMOSOME Z folds
Lardon Bacon calls 4000
manggy94 checks
*** FLOP *** [9d Kh 2d]
Lardon Bacon checks
manggy94 checks
GEEKEINSTEIN bets 12000
Lardon Bacon calls 12000
manggy94 folds
*** TURN *** [9d Kh 2d][8c]
Lardon Bacon checks
GEEKEINSTEIN checks
*** RIVER *** [9d Kh 2d 8c][Kc]
Lardon Bacon bets 18533
GEEKEINSTEIN calls 18533
*** SHOW DOWN ***
GEEKEINSTEIN shows [5d 5h] (Two pairs : Kings and 5)
Lardon Bacon shows [Ks Th] (Trips of Kings)
Lardon Bacon collected 92666 from pot
*** SUMMARY ***
Total pot 92666 | No rake
Board: [9d Kh 2d 8c Kc]
Seat 2: GEEKEINSTEIN showed [5d 5h] and lost with Two pairs : Kings and 5
Seat 5: Lardon Bacon (small blind) showed [Ks Th] and won 92666 with Trips of Kings


Winamax Poker - Tournament "Kill The Fish" buyIn: 2,25€ + 2,25€ + 0,50€ level: 19 - HandId: #673063161020022785-148-1462548197 - Holdem no limit (950/4000/8000) - 2016/05/06 15:23:17 UTC
Table: 'Kill The Fish(156709729)#000' 8-max (real money) Seat #5 is the button
Seat 1: pokpok85500 (128247)
Seat 2: GEEKEINSTEIN (76657)
Seat 3: -RomS24- (100126)
Seat 4: CHROMOSOME Z (157229)
Seat 5: Lardon Bacon (169553)
Seat 6: manggy94 (98623)
Seat 7: mamiejo83 (209978)
Seat 8: DjanDjam92 (161763)
*** ANTE/BLINDS ***
manggy94 posts ante 950
mamiejo83 posts ante 950
pokpok85500 posts ante 950
GEEKEINSTEIN posts ante 950
-RomS24- posts ante 950
CHROMOSOME Z posts ante 950
Lardon Bacon posts ante 950
DjanDjam92 posts ante 950
manggy94 posts small blind 4000
mamiejo83 posts big blind 8000
Dealt to manggy94 [As Kd]
*** PRE-FLOP *** 
DjanDjam92 folds
pokpok85500 folds
GEEKEINSTEIN folds
-RomS24- folds
CHROMOSOME Z folds
Lardon Bacon folds
manggy94 raises 28000 to 36000
mamiejo83 raises 173028 to 209028 and is all-in
manggy94 calls 61673 and is all-in
*** FLOP *** [Th 2h 4h]
*** TURN *** [Th 2h 4h][3c]
*** RIVER *** [Th 2h 4h 3c][Qc]
*** SHOW DOWN ***
manggy94 shows [As Kd] (High card : Ace)
mamiejo83 shows [Ah 6s] (High card : Ace)
mamiejo83 collected 111355 from side pot 1
manggy94 collected 202946 from main pot
*** SUMMARY ***
Total pot 314301 | No rake
Board: [Th 2h 4h 3c Qc]
Seat 6: manggy94 (small blind) showed [As Kd] and won 202946 with High card : Ace
Seat 7: mamiejo83 (big blind) showed [Ah 6s] and won 111355 with High card : Ace


Winamax Poker - Tournament "Kill The Fish" buyIn: 2,25€ + 2,25€ + 0,50€ level: 19 - HandId: #673063161020022785-149-1462548239 - Holdem no limit (950/4000/8000) - 2016/05/06 15:23:59 UTC
Table: 'Kill The Fish(156709729)#000' 8-max (real money) Seat #6 is the button
Seat 1: pokpok85500 (127297)
Seat 2: GEEKEINSTEIN (75707)
Seat 3: -RomS24- (99176)
Seat 4: CHROMOSOME Z (156279)
Seat 5: Lardon Bacon (168603)
Seat 6: manggy94 (202946)
Seat 7: mamiejo83 (111355)
Seat 8: DjanDjam92 (160813)
*** ANTE/BLINDS ***
mamiejo83 posts ante 950
DjanDjam92 posts ante 950
pokpok85500 posts ante 950
GEEKEINSTEIN posts ante 950
-RomS24- posts ante 950
CHROMOSOME Z posts ante 950
Lardon Bacon posts ante 950
manggy94 posts ante 950
mamiejo83 posts small blind 4000
DjanDjam92 posts big blind 8000
Dealt to manggy94 [3h 3c]
*** PRE-FLOP *** 
pokpok85500 folds
GEEKEINSTEIN raises 16000 to 24000
-RomS24- folds
CHROMOSOME Z folds
Lardon Bacon folds
manggy94 calls 24000
mamiejo83 folds
DjanDjam92 folds
*** FLOP *** [3d 2c 5s]
GEEKEINSTEIN checks
manggy94 checks
*** TURN *** [3d 2c 5s][8d]
GEEKEINSTEIN checks
manggy94 bets 8000
GEEKEINSTEIN calls 8000
*** RIVER *** [3d 2c 5s 8d][Ac]
GEEKEINSTEIN checks
manggy94 bets 83600
GEEKEINSTEIN folds
manggy94 collected 167200 from pot
*** SUMMARY ***
Total pot 167200 | No rake
Board: [3d 2c 5s 8d Ac]
Seat 6: manggy94 (button) won 167200


Winamax Poker - Tournament "Kill The Fish" buyIn: 2,25€ + 2,25€ + 0,50€ level: 19 - HandId: #673063161020022785-150-1462548277 - Holdem no limit (950/4000/8000) - 2016/05/06 15:24:37 UTC
Table: 'Kill The Fish(156709729)#000' 8-max (real money) Seat #7 is the button
Seat 1: pokpok85500 (126347)
Seat 2: GEEKEINSTEIN (42757)
Seat 3: -RomS24- (98226)
Seat 4: CHROMOSOME Z (155329)
Seat 5: Lardon Bacon (167653)
Seat 6: manggy94 (253596)
Seat 7: mamiejo83 (106405)
Seat 8: DjanDjam92 (151863)
*** ANTE/BLINDS ***
DjanDjam92 posts ante 950
pokpok85500 posts ante 950
GEEKEINSTEIN posts ante 950
-RomS24- posts ante 950
CHROMOSOME Z posts ante 950
Lardon Bacon posts ante 950
manggy94 posts ante 950
mamiejo83 posts ante 950
DjanDjam92 posts small blind 4000
pokpok85500 posts big blind 8000
Dealt to manggy94 [9s Ad]
*** PRE-FLOP *** 
GEEKEINSTEIN folds
-RomS24- folds
CHROMOSOME Z folds
Lardon Bacon folds
manggy94 calls 8000
mamiejo83 calls 8000
DjanDjam92 calls 4000
pokpok85500 checks
*** FLOP *** [2s Jh Tc]
DjanDjam92 checks
pokpok85500 checks
manggy94 checks
mamiejo83 bets 97455 and is all-in
DjanDjam92 calls 97455
pokpok85500 folds
manggy94 folds
*** TURN *** [2s Jh Tc][9h]
*** RIVER *** [2s Jh Tc 9h][Qh]
*** SHOW DOWN ***
mamiejo83 shows [Ts 9d] (Two pairs : Tens and 9)
DjanDjam92 shows [Js Kd] (Straight King high)
DjanDjam92 collected 234510 from pot
*** SUMMARY ***
Total pot 234510 | No rake
Board: [2s Jh Tc 9h Qh]
Seat 7: mamiejo83 (button) showed [Ts 9d] and lost with Two pairs : Tens and 9
Seat 8: DjanDjam92 (small blind) showed [Js Kd] and won 234510 with Straight King high


Winamax Poker - Tournament "Kill The Fish" buyIn: 2,25€ + 2,25€ + 0,50€ level: 20 - HandId: #673063161020022785-151-1462548316 - Holdem no limit (1250/5000/10000) - 2016/05/06 15:25:16 UTC
Table: 'Kill The Fish(156709729)#000' 8-max (real money) Seat #8 is the button
Seat 1: pokpok85500 (117397)
Seat 2: GEEKEINSTEIN (41807)
Seat 3: -RomS24- (97276)
Seat 4: CHROMOSOME Z (154379)
Seat 5: Lardon Bacon (166703)
Seat 6: manggy94 (244646)
Seat 8: DjanDjam92 (279968)
*** ANTE/BLINDS ***
pokpok85500 posts ante 1250
GEEKEINSTEIN posts ante 1250
-RomS24- posts ante 1250
CHROMOSOME Z posts ante 1250
Lardon Bacon posts ante 1250
manggy94 posts ante 1250
DjanDjam92 posts ante 1250
pokpok85500 posts small blind 5000
GEEKEINSTEIN posts big blind 10000
Dealt to manggy94 [7d Kc]
*** PRE-FLOP *** 
-RomS24- folds
CHROMOSOME Z folds
Lardon Bacon folds
manggy94 calls 10000
DjanDjam92 folds
pokpok85500 calls 5000
GEEKEINSTEIN checks
*** FLOP *** [Kd 2d 4s]
pokpok85500 bets 106147 and is all-in
GEEKEINSTEIN folds
manggy94 calls 106147
*** TURN *** [Kd 2d 4s][8d]
*** RIVER *** [Kd 2d 4s 8d][4h]
*** SHOW DOWN ***
manggy94 shows [7d Kc] (Two pairs : Kings and 4)
pokpok85500 shows [Jd 5d] (Flush King high)
pokpok85500 collected 251044 from pot
*** SUMMARY ***
Total pot 251044 | No rake
Board: [Kd 2d 4s 8d 4h]
Seat 1: pokpok85500 (small blind) showed [Jd 5d] and won 251044 with Flush King high
Seat 6: manggy94 showed [7d Kc] and lost with Two pairs : Kings and 4


Winamax Poker - Tournament "Kill The Fish" buyIn: 2,25€ + 2,25€ + 0,50€ level: 20 - HandId: #673063161020022785-152-1462548356 - Holdem no limit (1250/5000/10000) - 2016/05/06 15:25:56 UTC
Table: 'Kill The Fish(156709729)#000' 8-max (real money) Seat #1 is the button
Seat 1: pokpok85500 (251044)
Seat 2: GEEKEINSTEIN (30557)
Seat 3: -RomS24- (96026)
Seat 4: CHROMOSOME Z (153129)
Seat 5: Lardon Bacon (165453)
Seat 6: manggy94 (127249)
Seat 8: DjanDjam92 (278718)
*** ANTE/BLINDS ***
GEEKEINSTEIN posts ante 1250
-RomS24- posts ante 1250
pokpok85500 posts ante 1250
CHROMOSOME Z posts ante 1250
Lardon Bacon posts ante 1250
manggy94 posts ante 1250
DjanDjam92 posts ante 1250
GEEKEINSTEIN posts small blind 5000
-RomS24- posts big blind 10000
Dealt to manggy94 [Ad Ts]
*** PRE-FLOP *** 
CHROMOSOME Z folds
Lardon Bacon folds
manggy94 raises 33750 to 43750
DjanDjam92 folds
pokpok85500 folds
GEEKEINSTEIN folds
-RomS24- folds
manggy94 collected 67500 from pot
*** SUMMARY ***
Total pot 67500 | No rake
Seat 6: manggy94 won 67500


Winamax Poker - Tournament "Kill The Fish" buyIn: 2,25€ + 2,25€ + 0,50€ level: 20 - HandId: #673063161020022785-153-1462548375 - Holdem no limit (1250/5000/10000) - 2016/05/06 15:26:15 UTC
Table: 'Kill The Fish(156709729)#000' 8-max (real money) Seat #2 is the button
Seat 1: pokpok85500 (249794)
Seat 2: GEEKEINSTEIN (24307)
Seat 3: -RomS24- (84776)
Seat 4: CHROMOSOME Z (151879)
Seat 5: Lardon Bacon (164203)
Seat 6: manggy94 (149749)
Seat 8: DjanDjam92 (277468)
*** ANTE/BLINDS ***
-RomS24- posts ante 1250
CHROMOSOME Z posts ante 1250
pokpok85500 posts ante 1250
GEEKEINSTEIN posts ante 1250
Lardon Bacon posts ante 1250
manggy94 posts ante 1250
DjanDjam92 posts ante 1250
-RomS24- posts small blind 5000
CHROMOSOME Z posts big blind 10000
Dealt to manggy94 [Qc Td]
*** PRE-FLOP *** 
Lardon Bacon raises 10000 to 20000
manggy94 folds
DjanDjam92 folds
pokpok85500 folds
GEEKEINSTEIN folds
-RomS24- folds
CHROMOSOME Z folds
Lardon Bacon collected 43750 from pot
*** SUMMARY ***
Total pot 43750 | No rake
Seat 5: Lardon Bacon won 43750


Winamax Poker - Tournament "Kill The Fish" buyIn: 2,25€ + 2,25€ + 0,50€ level: 20 - HandId: #673063161020022785-154-1462548387 - Holdem no limit (1250/5000/10000) - 2016/05/06 15:26:27 UTC
Table: 'Kill The Fish(156709729)#000' 8-max (real money) Seat #3 is the button
Seat 1: pokpok85500 (248544)
Seat 2: GEEKEINSTEIN (23057)
Seat 3: -RomS24- (78526)
Seat 4: CHROMOSOME Z (140629)
Seat 5: Lardon Bacon (186703)
Seat 6: manggy94 (148499)
Seat 8: DjanDjam92 (276218)
*** ANTE/BLINDS ***
CHROMOSOME Z posts ante 1250
Lardon Bacon posts ante 1250
pokpok85500 posts ante 1250
GEEKEINSTEIN posts ante 1250
-RomS24- posts ante 1250
manggy94 posts ante 1250
DjanDjam92 posts ante 1250
CHROMOSOME Z posts small blind 5000
Lardon Bacon posts big blind 10000
Dealt to manggy94 [9d 9c]
*** PRE-FLOP *** 
manggy94 raises 10000 to 20000
DjanDjam92 folds
pokpok85500 folds
GEEKEINSTEIN raises 1807 to 21807 and is all-in
-RomS24- folds
CHROMOSOME Z folds
Lardon Bacon folds
manggy94 calls 1807
*** FLOP *** [6c 3s Td]
*** TURN *** [6c 3s Td][As]
*** RIVER *** [6c 3s Td As][4h]
*** SHOW DOWN ***
manggy94 shows [9d 9c] (One pair : 9)
GEEKEINSTEIN shows [Ks Ac] (One pair : Aces)
GEEKEINSTEIN collected 67364 from pot
*** SUMMARY ***
Total pot 67364 | No rake
Board: [6c 3s Td As 4h]
Seat 2: GEEKEINSTEIN showed [Ks Ac] and won 67364 with One pair : Aces
Seat 6: manggy94 showed [9d 9c] and lost with One pair : 9


Winamax Poker - Tournament "Kill The Fish" buyIn: 2,25€ + 2,25€ + 0,50€ level: 20 - HandId: #673063161020022785-155-1462548414 - Holdem no limit (1250/5000/10000) - 2016/05/06 15:26:54 UTC
Table: 'Kill The Fish(156709729)#000' 8-max (real money) Seat #4 is the button
Seat 1: pokpok85500 (247294)
Seat 2: GEEKEINSTEIN (67364)
Seat 3: -RomS24- (77276)
Seat 4: CHROMOSOME Z (134379)
Seat 5: Lardon Bacon (175453)
Seat 6: manggy94 (125442)
Seat 8: DjanDjam92 (274968)
*** ANTE/BLINDS ***
Lardon Bacon posts ante 1250
manggy94 posts ante 1250
pokpok85500 posts ante 1250
GEEKEINSTEIN posts ante 1250
-RomS24- posts ante 1250
CHROMOSOME Z posts ante 1250
DjanDjam92 posts ante 1250
Lardon Bacon posts small blind 5000
manggy94 posts big blind 10000
Dealt to manggy94 [9s Qh]
*** PRE-FLOP *** 
DjanDjam92 folds
pokpok85500 folds
GEEKEINSTEIN folds
-RomS24- folds
CHROMOSOME Z folds
Lardon Bacon raises 11500 to 21500
manggy94 folds
Lardon Bacon collected 40250 from pot
*** SUMMARY ***
Total pot 40250 | No rake
Seat 5: Lardon Bacon (small blind) won 40250


Winamax Poker - Tournament "Kill The Fish" buyIn: 2,25€ + 2,25€ + 0,50€ level: 20 - HandId: #673063161020022785-156-1462548434 - Holdem no limit (1250/5000/10000) - 2016/05/06 15:27:14 UTC
Table: 'Kill The Fish(156709729)#000' 8-max (real money) Seat #5 is the button
Seat 1: pokpok85500 (246044)
Seat 2: GEEKEINSTEIN (66114)
Seat 3: -RomS24- (76026)
Seat 4: CHROMOSOME Z (133129)
Seat 5: Lardon Bacon (192953)
Seat 6: manggy94 (114192)
Seat 8: DjanDjam92 (273718)
*** ANTE/BLINDS ***
manggy94 posts ante 1250
DjanDjam92 posts ante 1250
pokpok85500 posts ante 1250
GEEKEINSTEIN posts ante 1250
-RomS24- posts ante 1250
CHROMOSOME Z posts ante 1250
Lardon Bacon posts ante 1250
manggy94 posts small blind 5000
DjanDjam92 posts big blind 10000
Dealt to manggy94 [Jh 9s]
*** PRE-FLOP *** 
pokpok85500 folds
GEEKEINSTEIN folds
-RomS24- folds
CHROMOSOME Z folds
Lardon Bacon folds
manggy94 calls 5000
DjanDjam92 checks
*** FLOP *** [Kc 8s 7c]
manggy94 checks
DjanDjam92 bets 10000
manggy94 calls 10000
*** TURN *** [Kc 8s 7c][Ts]
manggy94 checks
DjanDjam92 bets 23700
manggy94 raises 69242 to 92942 and is all-in
DjanDjam92 folds
manggy94 collected 165392 from pot
*** SUMMARY ***
Total pot 165392 | No rake
Board: [Kc 8s 7c Ts]
Seat 6: manggy94 (small blind) won 165392


Winamax Poker - Tournament "Kill The Fish" buyIn: 2,25€ + 2,25€ + 0,50€ level: 20 - HandId: #673063161020022785-157-1462548471 - Holdem no limit (1250/5000/10000) - 2016/05/06 15:27:51 UTC
Table: 'Kill The Fish(156709729)#000' 8-max (real money) Seat #6 is the button
Seat 1: pokpok85500 (244794)
Seat 2: GEEKEINSTEIN (64864)
Seat 3: -RomS24- (74776)
Seat 4: CHROMOSOME Z (131879)
Seat 5: Lardon Bacon (191703)
Seat 6: manggy94 (165392)
Seat 8: DjanDjam92 (228768)
*** ANTE/BLINDS ***
DjanDjam92 posts ante 1250
pokpok85500 posts ante 1250
GEEKEINSTEIN posts ante 1250
-RomS24- posts ante 1250
CHROMOSOME Z posts ante 1250
Lardon Bacon posts ante 1250
manggy94 posts ante 1250
DjanDjam92 posts small blind 5000
pokpok85500 posts big blind 10000
Dealt to manggy94 [Js 2d]
*** PRE-FLOP *** 
GEEKEINSTEIN raises 15000 to 25000
-RomS24- folds
CHROMOSOME Z folds
Lardon Bacon folds
manggy94 folds
DjanDjam92 folds
pokpok85500 raises 218544 to 243544 and is all-in
GEEKEINSTEIN calls 38614 and is all-in
*** FLOP *** [8c Qc 6c]
*** TURN *** [8c Qc 6c][Td]
*** RIVER *** [8c Qc 6c Td][3c]
*** SHOW DOWN ***
GEEKEINSTEIN shows [As Ad] (One pair : Aces)
pokpok85500 shows [Jd Ac] (Flush Ace high)
pokpok85500 collected 320908 from pot
*** SUMMARY ***
Total pot 320908 | No rake
Board: [8c Qc 6c Td 3c]
Seat 1: pokpok85500 (big blind) showed [Jd Ac] and won 320908 with Flush Ace high
Seat 2: GEEKEINSTEIN showed [As Ad] and lost with One pair : Aces


Winamax Poker - Tournament "Kill The Fish" buyIn: 2,25€ + 2,25€ + 0,50€ level: 20 - HandId: #673063161020022785-158-1462548493 - Holdem no limit (1250/5000/10000) - 2016/05/06 15:28:13 UTC
Table: 'Kill The Fish(156709729)#000' 8-max (real money) Seat #8 is the button
Seat 1: pokpok85500 (320908)
Seat 3: -RomS24- (73526)
Seat 4: CHROMOSOME Z (130629)
Seat 5: Lardon Bacon (190453)
Seat 6: manggy94 (164142)
Seat 8: DjanDjam92 (222518)
*** ANTE/BLINDS ***
pokpok85500 posts ante 1250
-RomS24- posts ante 1250
CHROMOSOME Z posts ante 1250
Lardon Bacon posts ante 1250
manggy94 posts ante 1250
DjanDjam92 posts ante 1250
pokpok85500 posts small blind 5000
-RomS24- posts big blind 10000
Dealt to manggy94 [3s 9d]
*** PRE-FLOP *** 
CHROMOSOME Z folds
Lardon Bacon folds
manggy94 folds
DjanDjam92 raises 12500 to 22500
pokpok85500 raises 17500 to 40000
-RomS24- folds
DjanDjam92 calls 17500
*** FLOP *** [3h 8c Jd]
pokpok85500 bets 20000
DjanDjam92 raises 40000 to 60000
pokpok85500 folds
DjanDjam92 collected 177500 from pot
*** SUMMARY ***
Total pot 177500 | No rake
Board: [3h 8c Jd]
Seat 8: DjanDjam92 (button) won 177500


Winamax Poker - Tournament "Kill The Fish" buyIn: 2,25€ + 2,25€ + 0,50€ level: 20 - HandId: #673063161020022785-159-1462548546 - Holdem no limit (1250/5000/10000) - 2016/05/06 15:29:06 UTC
Table: 'Kill The Fish(156709729)#000' 8-max (real money) Seat #1 is the button
Seat 1: pokpok85500 (259658)
Seat 3: -RomS24- (62276)
Seat 4: CHROMOSOME Z (129379)
Seat 5: Lardon Bacon (189203)
Seat 6: manggy94 (162892)
Seat 8: DjanDjam92 (298768)
*** ANTE/BLINDS ***
-RomS24- posts ante 1250
CHROMOSOME Z posts ante 1250
pokpok85500 posts ante 1250
Lardon Bacon posts ante 1250
manggy94 posts ante 1250
DjanDjam92 posts ante 1250
-RomS24- posts small blind 5000
CHROMOSOME Z posts big blind 10000
Dealt to manggy94 [5s 9c]
*** PRE-FLOP *** 
Lardon Bacon raises 11150 to 21150
manggy94 folds
DjanDjam92 folds
pokpok85500 folds
-RomS24- calls 16150
CHROMOSOME Z calls 11150
*** FLOP *** [Ks 3h 7s]
-RomS24- checks
CHROMOSOME Z checks
Lardon Bacon bets 23650
-RomS24- folds
CHROMOSOME Z folds
Lardon Bacon collected 94600 from pot
*** SUMMARY ***
Total pot 94600 | No rake
Board: [Ks 3h 7s]
Seat 5: Lardon Bacon won 94600


Winamax Poker - Tournament "Kill The Fish" buyIn: 2,25€ + 2,25€ + 0,50€ level: 20 - HandId: #673063161020022785-160-1462548588 - Holdem no limit (1250/5000/10000) - 2016/05/06 15:29:48 UTC
Table: 'Kill The Fish(156709729)#000' 8-max (real money) Seat #3 is the button
Seat 1: pokpok85500 (258408)
Seat 3: -RomS24- (39876)
Seat 4: CHROMOSOME Z (106979)
Seat 5: Lardon Bacon (237753)
Seat 6: manggy94 (161642)
Seat 8: DjanDjam92 (297518)
*** ANTE/BLINDS ***
CHROMOSOME Z posts ante 1250
Lardon Bacon posts ante 1250
pokpok85500 posts ante 1250
-RomS24- posts ante 1250
manggy94 posts ante 1250
DjanDjam92 posts ante 1250
CHROMOSOME Z posts small blind 5000
Lardon Bacon posts big blind 10000
Dealt to manggy94 [6s Qd]
*** PRE-FLOP *** 
manggy94 folds
DjanDjam92 folds
pokpok85500 raises 15000 to 25000
-RomS24- folds
CHROMOSOME Z folds
Lardon Bacon folds
pokpok85500 collected 47500 from pot
*** SUMMARY ***
Total pot 47500 | No rake
Seat 1: pokpok85500 won 47500


Winamax Poker - Tournament "Kill The Fish" buyIn: 2,25€ + 2,25€ + 0,50€ level: 20 - HandId: #673063161020022785-161-1462548626 - Holdem no limit (1250/5000/10000) - 2016/05/06 15:30:26 UTC
Table: 'Kill The Fish(156709729)#000' 8-max (real money) Seat #4 is the button
Seat 1: pokpok85500 (279658)
Seat 3: -RomS24- (38626)
Seat 4: CHROMOSOME Z (100729)
Seat 5: Lardon Bacon (226503)
Seat 6: manggy94 (160392)
Seat 8: DjanDjam92 (296268)
*** ANTE/BLINDS ***
Lardon Bacon posts ante 1250
manggy94 posts ante 1250
pokpok85500 posts ante 1250
-RomS24- posts ante 1250
CHROMOSOME Z posts ante 1250
DjanDjam92 posts ante 1250
Lardon Bacon posts small blind 5000
manggy94 posts big blind 10000
Dealt to manggy94 [3c 4h]
*** PRE-FLOP *** 
DjanDjam92 folds
pokpok85500 calls 10000
-RomS24- folds
CHROMOSOME Z folds
Lardon Bacon folds
manggy94 checks
*** FLOP *** [2s 4s 9d]
manggy94 bets 16250
pokpok85500 calls 16250
*** TURN *** [2s 4s 9d][3s]
manggy94 checks
pokpok85500 checks
*** RIVER *** [2s 4s 9d 3s][4d]
manggy94 bets 65000
pokpok85500 folds
manggy94 collected 130000 from pot
*** SUMMARY ***
Total pot 130000 | No rake
Board: [2s 4s 9d 3s 4d]
Seat 6: manggy94 (big blind) won 130000


Winamax Poker - Tournament "Kill The Fish" buyIn: 2,25€ + 2,25€ + 0,50€ level: 21 - HandId: #673063161020022785-162-1462548681 - Holdem no limit (1700/6000/12000) - 2016/05/06 15:31:21 UTC
Table: 'Kill The Fish(156709729)#000' 8-max (real money) Seat #5 is the button
Seat 1: manggy94 (197892)
Seat 2: gooabi13 (420380)
Seat 3: samuuus (113712)
Seat 4: -RomS24- (37376)
Seat 5: Lardon Bacon (220253)
Seat 6: Crapulax-kev (348033)
Seat 7: DjanDjam92 (295018)
Seat 8: pokpok85500 (252158)
*** ANTE/BLINDS ***
Crapulax-kev posts ante 1700
DjanDjam92 posts ante 1700
manggy94 posts ante 1700
gooabi13 posts ante 1700
samuuus posts ante 1700
-RomS24- posts ante 1700
Lardon Bacon posts ante 1700
pokpok85500 posts ante 1700
Crapulax-kev posts small blind 6000
DjanDjam92 posts big blind 12000
Dealt to manggy94 [Ts 6s]
*** PRE-FLOP *** 
pokpok85500 folds
manggy94 folds
gooabi13 folds
samuuus raises 100012 to 112012 and is all-in
-RomS24- folds
Lardon Bacon raises 106541 to 218553 and is all-in
Crapulax-kev folds
DjanDjam92 folds
*** FLOP *** [9s 8d 3s]
*** TURN *** [9s 8d 3s][Kc]
*** RIVER *** [9s 8d 3s Kc][Tc]
*** SHOW DOWN ***
samuuus shows [7h 7d] (One pair : 7)
Lardon Bacon shows [Qc As] (High card : Ace)
Lardon Bacon collected 106541 from side pot 1
samuuus collected 255624 from main pot
*** SUMMARY ***
Total pot 362165 | No rake
Board: [9s 8d 3s Kc Tc]
Seat 3: samuuus showed [7h 7d] and won 255624 with One pair : 7
Seat 5: Lardon Bacon (button) showed [Qc As] and won 106541 with High card : Ace


Winamax Poker - Tournament "Kill The Fish" buyIn: 2,25€ + 2,25€ + 0,50€ level: 21 - HandId: #673063161020022785-163-1462548774 - Holdem no limit (1700/6000/12000) - 2016/05/06 15:32:54 UTC
Table: 'Kill The Fish(156709729)#000' 8-max (real money) Seat #6 is the button
Seat 1: manggy94 (196192)
Seat 2: gooabi13 (418680)
Seat 3: samuuus (255624)
Seat 4: -RomS24- (35676)
Seat 5: Lardon Bacon (106541)
Seat 6: Crapulax-kev (340333)
Seat 7: DjanDjam92 (281318)
Seat 8: pokpok85500 (250458)
*** ANTE/BLINDS ***
DjanDjam92 posts ante 1700
pokpok85500 posts ante 1700
manggy94 posts ante 1700
gooabi13 posts ante 1700
samuuus posts ante 1700
-RomS24- posts ante 1700
Lardon Bacon posts ante 1700
Crapulax-kev posts ante 1700
DjanDjam92 posts small blind 6000
pokpok85500 posts big blind 12000
Dealt to manggy94 [3d 7s]
*** PRE-FLOP *** 
manggy94 folds
gooabi13 folds
samuuus folds
-RomS24- folds
Lardon Bacon folds
Crapulax-kev folds
DjanDjam92 folds
pokpok85500 collected 31600 from pot
*** SUMMARY ***
Total pot 31600 | No rake
Seat 8: pokpok85500 (big blind) won 31600


Winamax Poker - Tournament "Kill The Fish" buyIn: 2,25€ + 2,25€ + 0,50€ level: 21 - HandId: #673063161020022785-164-1462548813 - Holdem no limit (1700/6000/12000) - 2016/05/06 15:33:33 UTC
Table: 'Kill The Fish(156709729)#000' 8-max (real money) Seat #7 is the button
Seat 1: manggy94 (194492)
Seat 2: gooabi13 (416980)
Seat 3: samuuus (253924)
Seat 4: -RomS24- (33976)
Seat 5: Lardon Bacon (104841)
Seat 6: Crapulax-kev (338633)
Seat 7: DjanDjam92 (273618)
Seat 8: pokpok85500 (268358)
*** ANTE/BLINDS ***
pokpok85500 posts ante 1700
manggy94 posts ante 1700
gooabi13 posts ante 1700
samuuus posts ante 1700
-RomS24- posts ante 1700
Lardon Bacon posts ante 1700
Crapulax-kev posts ante 1700
DjanDjam92 posts ante 1700
pokpok85500 posts small blind 6000
manggy94 posts big blind 12000
Dealt to manggy94 [9d Kc]
*** PRE-FLOP *** 
gooabi13 folds
samuuus folds
-RomS24- folds
Lardon Bacon folds
Crapulax-kev folds
DjanDjam92 folds
pokpok85500 calls 6000
manggy94 checks
*** FLOP *** [2h Tc Jc]
pokpok85500 bets 12000
manggy94 calls 12000
*** TURN *** [2h Tc Jc][7s]
pokpok85500 checks
manggy94 bets 41067
pokpok85500 folds
manggy94 collected 102667 from pot
*** SUMMARY ***
Total pot 102667 | No rake
Board: [2h Tc Jc 7s]
Seat 1: manggy94 (big blind) won 102667


Winamax Poker - Tournament "Kill The Fish" buyIn: 2,25€ + 2,25€ + 0,50€ level: 21 - HandId: #673063161020022785-165-1462548873 - Holdem no limit (1700/6000/12000) - 2016/05/06 15:34:33 UTC
Table: 'Kill The Fish(156709729)#000' 8-max (real money) Seat #8 is the button
Seat 1: manggy94 (230392)
Seat 2: gooabi13 (415280)
Seat 3: samuuus (252224)
Seat 4: -RomS24- (32276)
Seat 5: Lardon Bacon (103141)
Seat 6: Crapulax-kev (336933)
Seat 7: DjanDjam92 (271918)
Seat 8: pokpok85500 (242658)
*** ANTE/BLINDS ***
manggy94 posts ante 1700
gooabi13 posts ante 1700
samuuus posts ante 1700
-RomS24- posts ante 1700
Lardon Bacon posts ante 1700
Crapulax-kev posts ante 1700
DjanDjam92 posts ante 1700
pokpok85500 posts ante 1700
manggy94 posts small blind 6000
gooabi13 posts big blind 12000
Dealt to manggy94 [2s Kc]
*** PRE-FLOP *** 
samuuus folds
-RomS24- raises 18576 to 30576 and is all-in
Lardon Bacon folds
Crapulax-kev folds
DjanDjam92 folds
pokpok85500 folds
manggy94 folds
gooabi13 calls 18576
*** FLOP *** [Jc 6h 3s]
*** TURN *** [Jc 6h 3s][8d]
*** RIVER *** [Jc 6h 3s 8d][2d]
*** SHOW DOWN ***
gooabi13 shows [8h Ac] (One pair : 8)
-RomS24- shows [Js Qs] (One pair : Jacks)
-RomS24- collected 80752 from pot
*** SUMMARY ***
Total pot 80752 | No rake
Board: [Jc 6h 3s 8d 2d]
Seat 2: gooabi13 (big blind) showed [8h Ac] and lost with One pair : 8
Seat 4: -RomS24- showed [Js Qs] and won 80752 with One pair : Jacks


Winamax Poker - Tournament "Kill The Fish" buyIn: 2,25€ + 2,25€ + 0,50€ level: 21 - HandId: #673063161020022785-166-1462548904 - Holdem no limit (1700/6000/12000) - 2016/05/06 15:35:04 UTC
Table: 'Kill The Fish(156709729)#000' 8-max (real money) Seat #1 is the button
Seat 1: manggy94 (222692)
Seat 2: gooabi13 (383004)
Seat 3: samuuus (250524)
Seat 4: -RomS24- (80752)
Seat 5: Lardon Bacon (101441)
Seat 6: Crapulax-kev (335233)
Seat 7: DjanDjam92 (270218)
Seat 8: pokpok85500 (240958)
*** ANTE/BLINDS ***
gooabi13 posts ante 1700
samuuus posts ante 1700
manggy94 posts ante 1700
-RomS24- posts ante 1700
Lardon Bacon posts ante 1700
Crapulax-kev posts ante 1700
DjanDjam92 posts ante 1700
pokpok85500 posts ante 1700
gooabi13 posts small blind 6000
samuuus posts big blind 12000
Dealt to manggy94 [Ac Kh]
*** PRE-FLOP *** 
-RomS24- folds
Lardon Bacon raises 87741 to 99741 and is all-in
Crapulax-kev calls 99741
DjanDjam92 folds
pokpok85500 folds
manggy94 calls 99741
gooabi13 folds
samuuus folds
*** FLOP *** [5h Th 8c]
Crapulax-kev checks
manggy94 bets 121251 and is all-in
Crapulax-kev calls 121251
*** TURN *** [5h Th 8c][8h]
*** RIVER *** [5h Th 8c 8h][5d]
*** SHOW DOWN ***
Lardon Bacon shows [Jd Js] (Two pairs : Jacks and 8)
manggy94 shows [Ac Kh] (Two pairs : 8 and 5)
Crapulax-kev shows [9c Ah] (Two pairs : 8 and 5)
Crapulax-kev collected 121251 from side pot 1
manggy94 collected 121251 from side pot 1
Lardon Bacon collected 330823 from main pot
*** SUMMARY ***
Total pot 573325 | No rake
Board: [5h Th 8c 8h 5d]
Seat 1: manggy94 (button) showed [Ac Kh] and won 121251 with Two pairs : 8 and 5
Seat 5: Lardon Bacon showed [Jd Js] and won 330823 with Two pairs : Jacks and 8
Seat 6: Crapulax-kev showed [9c Ah] and won 121251 with Two pairs : 8 and 5


Winamax Poker - Tournament "Kill The Fish" buyIn: 2,25€ + 2,25€ + 0,50€ level: 21 - HandId: #673063161020022785-167-1462548964 - Holdem no limit (1700/6000/12000) - 2016/05/06 15:36:04 UTC
Table: 'Kill The Fish(156709729)#000' 8-max (real money) Seat #2 is the button
Seat 1: manggy94 (121251)
Seat 2: gooabi13 (375304)
Seat 3: samuuus (236824)
Seat 4: -RomS24- (79052)
Seat 5: Lardon Bacon (330823)
Seat 6: Crapulax-kev (233792)
Seat 7: DjanDjam92 (268518)
Seat 8: pokpok85500 (239258)
*** ANTE/BLINDS ***
samuuus posts ante 1700
-RomS24- posts ante 1700
manggy94 posts ante 1700
gooabi13 posts ante 1700
Lardon Bacon posts ante 1700
Crapulax-kev posts ante 1700
DjanDjam92 posts ante 1700
pokpok85500 posts ante 1700
samuuus posts small blind 6000
-RomS24- posts big blind 12000
Dealt to manggy94 [Qc As]
*** PRE-FLOP *** 
Lardon Bacon folds
Crapulax-kev folds
DjanDjam92 folds
pokpok85500 folds
manggy94 raises 107551 to 119551 and is all-in
gooabi13 folds
samuuus folds
-RomS24- folds
manggy94 collected 151151 from pot
*** SUMMARY ***
Total pot 151151 | No rake
Seat 1: manggy94 won 151151


Winamax Poker - Tournament "Kill The Fish" buyIn: 2,25€ + 2,25€ + 0,50€ level: 21 - HandId: #673063161020022785-168-1462548993 - Holdem no limit (1700/6000/12000) - 2016/05/06 15:36:33 UTC
Table: 'Kill The Fish(156709729)#000' 8-max (real money) Seat #3 is the button
Seat 1: manggy94 (151151)
Seat 2: gooabi13 (373604)
Seat 3: samuuus (229124)
Seat 4: -RomS24- (65352)
Seat 5: Lardon Bacon (329123)
Seat 6: Crapulax-kev (232092)
Seat 7: DjanDjam92 (266818)
Seat 8: pokpok85500 (237558)
*** ANTE/BLINDS ***
-RomS24- posts ante 1700
Lardon Bacon posts ante 1700
manggy94 posts ante 1700
gooabi13 posts ante 1700
samuuus posts ante 1700
Crapulax-kev posts ante 1700
DjanDjam92 posts ante 1700
pokpok85500 posts ante 1700
-RomS24- posts small blind 6000
Lardon Bacon posts big blind 12000
Dealt to manggy94 [4h Kc]
*** PRE-FLOP *** 
Crapulax-kev folds
DjanDjam92 folds
pokpok85500 folds
manggy94 folds
gooabi13 folds
samuuus raises 12000 to 24000
-RomS24- folds
Lardon Bacon folds
samuuus collected 55600 from pot
*** SUMMARY ***
Total pot 55600 | No rake
Seat 3: samuuus (button) won 55600


Winamax Poker - Tournament "Kill The Fish" buyIn: 2,25€ + 2,25€ + 0,50€ level: 21 - HandId: #673063161020022785-169-1462549015 - Holdem no limit (1700/6000/12000) - 2016/05/06 15:36:55 UTC
Table: 'Kill The Fish(156709729)#000' 8-max (real money) Seat #4 is the button
Seat 1: manggy94 (149451)
Seat 2: gooabi13 (371904)
Seat 3: samuuus (259024)
Seat 4: -RomS24- (57652)
Seat 5: Lardon Bacon (315423)
Seat 6: Crapulax-kev (230392)
Seat 7: DjanDjam92 (265118)
Seat 8: pokpok85500 (235858)
*** ANTE/BLINDS ***
Lardon Bacon posts ante 1700
Crapulax-kev posts ante 1700
manggy94 posts ante 1700
gooabi13 posts ante 1700
samuuus posts ante 1700
-RomS24- posts ante 1700
DjanDjam92 posts ante 1700
pokpok85500 posts ante 1700
Lardon Bacon posts small blind 6000
Crapulax-kev posts big blind 12000
Dealt to manggy94 [Kc Jh]
*** PRE-FLOP *** 
DjanDjam92 folds
pokpok85500 folds
manggy94 calls 12000
gooabi13 raises 36000 to 48000
samuuus folds
-RomS24- folds
Lardon Bacon folds
Crapulax-kev folds
manggy94 calls 36000
*** FLOP *** [5d 6d 8d]
manggy94 checks
gooabi13 bets 99751
manggy94 folds
gooabi13 collected 227351 from pot
*** SUMMARY ***
Total pot 227351 | No rake
Board: [5d 6d 8d]
Seat 2: gooabi13 won 227351


Winamax Poker - Tournament "Kill The Fish" buyIn: 2,25€ + 2,25€ + 0,50€ level: 22 - HandId: #673063161020022785-170-1462549050 - Holdem no limit (2000/8000/16000) - 2016/05/06 15:37:30 UTC
Table: 'Kill The Fish(156709729)#000' 8-max (real money) Seat #5 is the button
Seat 1: manggy94 (99751)
Seat 2: gooabi13 (449804)
Seat 3: samuuus (257324)
Seat 4: -RomS24- (55952)
Seat 5: Lardon Bacon (307723)
Seat 6: Crapulax-kev (216692)
Seat 7: DjanDjam92 (263418)
Seat 8: pokpok85500 (234158)
*** ANTE/BLINDS ***
Crapulax-kev posts ante 2000
DjanDjam92 posts ante 2000
manggy94 posts ante 2000
gooabi13 posts ante 2000
samuuus posts ante 2000
-RomS24- posts ante 2000
Lardon Bacon posts ante 2000
pokpok85500 posts ante 2000
Crapulax-kev posts small blind 8000
DjanDjam92 posts big blind 16000
Dealt to manggy94 [Tc 3d]
*** PRE-FLOP *** 
pokpok85500 raises 32000 to 48000
manggy94 folds
gooabi13 folds
samuuus folds
-RomS24- raises 5952 to 53952 and is all-in
Lardon Bacon folds
Crapulax-kev folds
DjanDjam92 folds
pokpok85500 calls 5952
*** FLOP *** [Qc Ks 9d]
*** TURN *** [Qc Ks 9d][6s]
*** RIVER *** [Qc Ks 9d 6s][Qh]
*** SHOW DOWN ***
-RomS24- shows [As 9s] (Two pairs : Queens and 9)
pokpok85500 shows [Kh Ah] (Two pairs : Kings and Queens)
pokpok85500 collected 147904 from pot
*** SUMMARY ***
Total pot 147904 | No rake
Board: [Qc Ks 9d 6s Qh]
Seat 4: -RomS24- showed [As 9s] and lost with Two pairs : Queens and 9
Seat 8: pokpok85500 showed [Kh Ah] and won 147904 with Two pairs : Kings and Queens


Winamax Poker - Tournament "Kill The Fish" buyIn: 2,25€ + 2,25€ + 0,50€ level: 22 - HandId: #673063161020022785-171-1462549091 - Holdem no limit (2000/8000/16000) - 2016/05/06 15:38:11 UTC
Table: 'Kill The Fish(156709729)#000' 8-max (real money) Seat #6 is the button
Seat 1: manggy94 (97751)
Seat 2: gooabi13 (447804)
Seat 3: samuuus (255324)
Seat 5: Lardon Bacon (305723)
Seat 6: Crapulax-kev (206692)
Seat 7: DjanDjam92 (245418)
Seat 8: pokpok85500 (326110)
*** ANTE/BLINDS ***
DjanDjam92 posts ante 2000
pokpok85500 posts ante 2000
manggy94 posts ante 2000
gooabi13 posts ante 2000
samuuus posts ante 2000
Lardon Bacon posts ante 2000
Crapulax-kev posts ante 2000
DjanDjam92 posts small blind 8000
pokpok85500 posts big blind 16000
Dealt to manggy94 [Qd 4c]
*** PRE-FLOP *** 
manggy94 folds
gooabi13 folds
samuuus folds
Lardon Bacon folds
Crapulax-kev calls 16000
DjanDjam92 calls 8000
pokpok85500 checks
*** FLOP *** [7s 9h 5d]
DjanDjam92 checks
pokpok85500 bets 16000
Crapulax-kev calls 16000
DjanDjam92 folds
*** TURN *** [7s 9h 5d][2s]
pokpok85500 bets 16000
Crapulax-kev calls 16000
*** RIVER *** [7s 9h 5d 2s][3h]
pokpok85500 checks
Crapulax-kev checks
*** SHOW DOWN ***
pokpok85500 shows [Ks 2c] (One pair : 2)
Crapulax-kev shows [As 5s] (One pair : 5)
Crapulax-kev collected 126000 from pot
*** SUMMARY ***
Total pot 126000 | No rake
Board: [7s 9h 5d 2s 3h]
Seat 6: Crapulax-kev (button) showed [As 5s] and won 126000 with One pair : 5
Seat 8: pokpok85500 (big blind) showed [Ks 2c] and lost with One pair : 2


Winamax Poker - Tournament "Kill The Fish" buyIn: 2,25€ + 2,25€ + 0,50€ level: 22 - HandId: #673063161020022785-172-1462549146 - Holdem no limit (2000/8000/16000) - 2016/05/06 15:39:06 UTC
Table: 'Kill The Fish(156709729)#000' 8-max (real money) Seat #7 is the button
Seat 1: manggy94 (95751)
Seat 2: gooabi13 (445804)
Seat 3: samuuus (253324)
Seat 5: Lardon Bacon (303723)
Seat 6: Crapulax-kev (282692)
Seat 7: DjanDjam92 (227418)
Seat 8: pokpok85500 (276110)
*** ANTE/BLINDS ***
pokpok85500 posts ante 2000
manggy94 posts ante 2000
gooabi13 posts ante 2000
samuuus posts ante 2000
Lardon Bacon posts ante 2000
Crapulax-kev posts ante 2000
DjanDjam92 posts ante 2000
pokpok85500 posts small blind 8000
manggy94 posts big blind 16000
Dealt to manggy94 [Jc 8c]
*** PRE-FLOP *** 
gooabi13 folds
samuuus folds
Lardon Bacon raises 17150 to 33150
Crapulax-kev folds
DjanDjam92 folds
pokpok85500 raises 240960 to 274110 and is all-in
manggy94 folds
Lardon Bacon folds
pokpok85500 collected 337260 from pot
*** SUMMARY ***
Total pot 337260 | No rake
Seat 8: pokpok85500 (small blind) won 337260


Winamax Poker - Tournament "Kill The Fish" buyIn: 2,25€ + 2,25€ + 0,50€ level: 22 - HandId: #673063161020022785-173-1462549195 - Holdem no limit (2000/8000/16000) - 2016/05/06 15:39:55 UTC
Table: 'Kill The Fish(156709729)#000' 8-max (real money) Seat #8 is the button
Seat 1: manggy94 (77751)
Seat 2: gooabi13 (443804)
Seat 3: samuuus (251324)
Seat 5: Lardon Bacon (268573)
Seat 6: Crapulax-kev (280692)
Seat 7: DjanDjam92 (225418)
Seat 8: pokpok85500 (337260)
*** ANTE/BLINDS ***
manggy94 posts ante 2000
gooabi13 posts ante 2000
samuuus posts ante 2000
Lardon Bacon posts ante 2000
Crapulax-kev posts ante 2000
DjanDjam92 posts ante 2000
pokpok85500 posts ante 2000
manggy94 posts small blind 8000
gooabi13 posts big blind 16000
Dealt to manggy94 [4h Th]
*** PRE-FLOP *** 
samuuus folds
Lardon Bacon raises 250573 to 266573 and is all-in
Crapulax-kev folds
DjanDjam92 folds
pokpok85500 folds
manggy94 folds
gooabi13 folds
Lardon Bacon collected 304573 from pot
*** SUMMARY ***
Total pot 304573 | No rake
Seat 5: Lardon Bacon won 304573


Winamax Poker - Tournament "Kill The Fish" buyIn: 2,25€ + 2,25€ + 0,50€ level: 22 - HandId: #673063161020022785-174-1462549219 - Holdem no limit (2000/8000/16000) - 2016/05/06 15:40:19 UTC
Table: 'Kill The Fish(156709729)#000' 8-max (real money) Seat #1 is the button
Seat 1: manggy94 (67751)
Seat 2: gooabi13 (425804)
Seat 3: samuuus (249324)
Seat 5: Lardon Bacon (304573)
Seat 6: Crapulax-kev (278692)
Seat 7: DjanDjam92 (223418)
Seat 8: pokpok85500 (335260)
*** ANTE/BLINDS ***
gooabi13 posts ante 2000
samuuus posts ante 2000
manggy94 posts ante 2000
Lardon Bacon posts ante 2000
Crapulax-kev posts ante 2000
DjanDjam92 posts ante 2000
pokpok85500 posts ante 2000
gooabi13 posts small blind 8000
samuuus posts big blind 16000
Dealt to manggy94 [9s 5h]
*** PRE-FLOP *** 
Lardon Bacon folds
Crapulax-kev folds
DjanDjam92 folds
pokpok85500 raises 16000 to 32000
manggy94 folds
gooabi13 folds
samuuus folds
pokpok85500 collected 70000 from pot
*** SUMMARY ***
Total pot 70000 | No rake
Seat 8: pokpok85500 won 70000


Winamax Poker - Tournament "Kill The Fish" buyIn: 2,25€ + 2,25€ + 0,50€ level: 22 - HandId: #673063161020022785-175-1462549251 - Holdem no limit (2000/8000/16000) - 2016/05/06 15:40:51 UTC
Table: 'Kill The Fish(156709729)#000' 8-max (real money) Seat #2 is the button
Seat 1: manggy94 (65751)
Seat 2: gooabi13 (415804)
Seat 3: samuuus (231324)
Seat 5: Lardon Bacon (302573)
Seat 6: Crapulax-kev (276692)
Seat 7: DjanDjam92 (221418)
Seat 8: pokpok85500 (371260)
*** ANTE/BLINDS ***
samuuus posts ante 2000
Lardon Bacon posts ante 2000
manggy94 posts ante 2000
gooabi13 posts ante 2000
Crapulax-kev posts ante 2000
DjanDjam92 posts ante 2000
pokpok85500 posts ante 2000
samuuus posts small blind 8000
Lardon Bacon posts big blind 16000
Dealt to manggy94 [Ad 4h]
*** PRE-FLOP *** 
Crapulax-kev folds
DjanDjam92 raises 22000 to 38000
pokpok85500 folds
manggy94 raises 25751 to 63751 and is all-in
gooabi13 folds
samuuus folds
Lardon Bacon folds
DjanDjam92 calls 25751
*** FLOP *** [9d Qs 8h]
*** TURN *** [9d Qs 8h][9s]
*** RIVER *** [9d Qs 8h 9s][Kd]
*** SHOW DOWN ***
manggy94 shows [Ad 4h] (One pair : 9)
DjanDjam92 shows [Qh 9h] (Full of 9 and Queens)
DjanDjam92 collected 165502 from pot
*** SUMMARY ***
Total pot 165502 | No rake
Board: [9d Qs 8h 9s Kd]
Seat 1: manggy94 showed [Ad 4h] and lost with One pair : 9
Seat 7: DjanDjam92 showed [Qh 9h] and won 165502 with Full of 9 and Queens


