Winamax Poker - Tournament "Hold'em" buyIn: 4,50€ + 0,50€ level: 20 - HandId: #653249330127306753-120-1458911210 - Holdem no limit (1250/5000/10000) - 2016/03/25 13:06:50 UTC
Table: 'Hold'em(152096462)#0000' 4-max (real money) Seat #4 is the button
Seat 1: manggy94 (207076)
Seat 2: gilbzh (129129)
Seat 3: Chrisjay (146348)
Seat 4: SUPER FACILE (204211)
*** ANTE/BLINDS ***
manggy94 posts ante 1250
gilbzh posts ante 1250
Chrisjay posts ante 1250
SUPER FACILE posts ante 1250
manggy94 posts small blind 5000
gilbzh posts big blind 10000
Dealt to manggy94 [7s 3c]
*** PRE-FLOP *** 
Chrisjay raises 135098 to 145098 and is all-in
SUPER FACILE calls 145098
manggy94 folds
gilbzh folds
*** FLOP *** [8h 4s 2d]
*** TURN *** [8h 4s 2d][3h]
*** RIVER *** [8h 4s 2d 3h][Qc]
*** SHOW DOWN ***
Chrisjay shows [6d 6c] (One pair : 6)
SUPER FACILE shows [Js Jh] (One pair : Jacks)
SUPER FACILE collected 310196 from pot
*** SUMMARY ***
Total pot 310196 | No rake
Board: [8h 4s 2d 3h Qc]
Seat 3: Chrisjay showed [6d 6c] and lost with One pair : 6
Seat 4: SUPER FACILE (button) showed [Js Jh] and won 310196 with One pair : Jacks


Winamax Poker - Tournament "Hold'em" buyIn: 4,50€ + 0,50€ level: 20 - HandId: #653249330127306753-121-1458911269 - Holdem no limit (1250/5000/10000) - 2016/03/25 13:07:49 UTC
Table: 'Hold'em(152096462)#0000' 4-max (real money) Seat #1 is the button
Seat 1: manggy94 (200826)
Seat 2: gilbzh (117879)
Seat 4: SUPER FACILE (368059)
*** ANTE/BLINDS ***
gilbzh posts ante 1250
SUPER FACILE posts ante 1250
manggy94 posts ante 1250
gilbzh posts small blind 5000
SUPER FACILE posts big blind 10000
Dealt to manggy94 [5c 9d]
*** PRE-FLOP *** 
manggy94 folds
gilbzh folds
SUPER FACILE collected 18750 from pot
*** SUMMARY ***
Total pot 18750 | No rake
Seat 4: SUPER FACILE (big blind) won 18750


Winamax Poker - Tournament "Hold'em" buyIn: 4,50€ + 0,50€ level: 21 - HandId: #653249330127306753-122-1458911283 - Holdem no limit (1700/6000/12000) - 2016/03/25 13:08:03 UTC
Table: 'Hold'em(152096462)#0000' 4-max (real money) Seat #2 is the button
Seat 1: manggy94 (199576)
Seat 2: gilbzh (111629)
Seat 4: SUPER FACILE (375559)
*** ANTE/BLINDS ***
SUPER FACILE posts ante 1700
manggy94 posts ante 1700
gilbzh posts ante 1700
SUPER FACILE posts small blind 6000
manggy94 posts big blind 12000
Dealt to manggy94 [9h 5h]
*** PRE-FLOP *** 
gilbzh folds
SUPER FACILE raises 17760 to 29760
manggy94 calls 17760
*** FLOP *** [8c 5s 3d]
SUPER FACILE checks
manggy94 bets 64620
SUPER FACILE raises 279479 to 344099 and is all-in
manggy94 calls 103496 and is all-in
*** TURN *** [8c 5s 3d][Js]
*** RIVER *** [8c 5s 3d Js][Qs]
*** SHOW DOWN ***
manggy94 shows [9h 5h] (One pair : 5)
SUPER FACILE shows [6c 4s] (High card : Queen)
SUPER FACILE collected 175983 from side pot 1
manggy94 collected 400852 from main pot
*** SUMMARY ***
Total pot 576835 | No rake
Board: [8c 5s 3d Js Qs]
Seat 1: manggy94 (big blind) showed [9h 5h] and won 400852 with One pair : 5
Seat 4: SUPER FACILE (small blind) showed [6c 4s] and won 175983 with High card : Queen


Winamax Poker - Tournament "Hold'em" buyIn: 4,50€ + 0,50€ level: 21 - HandId: #653249330127306753-123-1458911308 - Holdem no limit (1700/6000/12000) - 2016/03/25 13:08:28 UTC
Table: 'Hold'em(152096462)#0000' 4-max (real money) Seat #4 is the button
Seat 1: manggy94 (400852)
Seat 2: gilbzh (109929)
Seat 4: SUPER FACILE (175983)
*** ANTE/BLINDS ***
manggy94 posts ante 1700
gilbzh posts ante 1700
SUPER FACILE posts ante 1700
manggy94 posts small blind 6000
gilbzh posts big blind 12000
Dealt to manggy94 [4d Qh]
*** PRE-FLOP *** 
SUPER FACILE folds
manggy94 folds
gilbzh collected 23100 from pot
*** SUMMARY ***
Total pot 23100 | No rake
Seat 2: gilbzh (big blind) won 23100


Winamax Poker - Tournament "Hold'em" buyIn: 4,50€ + 0,50€ level: 21 - HandId: #653249330127306753-124-1458911326 - Holdem no limit (1700/6000/12000) - 2016/03/25 13:08:46 UTC
Table: 'Hold'em(152096462)#0000' 4-max (real money) Seat #1 is the button
Seat 1: manggy94 (393152)
Seat 2: gilbzh (119329)
Seat 4: SUPER FACILE (174283)
*** ANTE/BLINDS ***
gilbzh posts ante 1700
SUPER FACILE posts ante 1700
manggy94 posts ante 1700
gilbzh posts small blind 6000
SUPER FACILE posts big blind 12000
Dealt to manggy94 [8s 7d]
*** PRE-FLOP *** 
manggy94 raises 24000 to 36000
gilbzh raises 81629 to 117629 and is all-in
SUPER FACILE folds
manggy94 folds
gilbzh collected 170729 from pot
*** SUMMARY ***
Total pot 170729 | No rake
Seat 2: gilbzh (small blind) won 170729


Winamax Poker - Tournament "Hold'em" buyIn: 4,50€ + 0,50€ level: 21 - HandId: #653249330127306753-125-1458911344 - Holdem no limit (1700/6000/12000) - 2016/03/25 13:09:04 UTC
Table: 'Hold'em(152096462)#0000' 4-max (real money) Seat #2 is the button
Seat 1: manggy94 (355452)
Seat 2: gilbzh (170729)
Seat 4: SUPER FACILE (160583)
*** ANTE/BLINDS ***
SUPER FACILE posts ante 1700
manggy94 posts ante 1700
gilbzh posts ante 1700
SUPER FACILE posts small blind 6000
manggy94 posts big blind 12000
Dealt to manggy94 [2s 9c]
*** PRE-FLOP *** 
gilbzh folds
SUPER FACILE calls 6000
manggy94 checks
*** FLOP *** [Jc 6h 2d]
SUPER FACILE bets 15132
manggy94 calls 15132
*** TURN *** [Jc 6h 2d][3c]
SUPER FACILE bets 45710
manggy94 calls 45710
*** RIVER *** [Jc 6h 2d 3c][3s]
SUPER FACILE bets 86041 and is all-in
manggy94 calls 86041
*** SHOW DOWN ***
manggy94 shows [2s 9c] (Two pairs : 3 and 2)
SUPER FACILE shows [7h Jd] (Two pairs : Jacks and 3)
SUPER FACILE collected 322866 from pot
*** SUMMARY ***
Total pot 322866 | No rake
Board: [Jc 6h 2d 3c 3s]
Seat 1: manggy94 (big blind) showed [2s 9c] and lost with Two pairs : 3 and 2
Seat 4: SUPER FACILE (small blind) showed [7h Jd] and won 322866 with Two pairs : Jacks and 3


Winamax Poker - Tournament "Hold'em" buyIn: 4,50€ + 0,50€ level: 21 - HandId: #653249330127306753-126-1458911383 - Holdem no limit (1700/6000/12000) - 2016/03/25 13:09:43 UTC
Table: 'Hold'em(152096462)#0000' 4-max (real money) Seat #4 is the button
Seat 1: manggy94 (194869)
Seat 2: gilbzh (169029)
Seat 4: SUPER FACILE (322866)
*** ANTE/BLINDS ***
manggy94 posts ante 1700
gilbzh posts ante 1700
SUPER FACILE posts ante 1700
manggy94 posts small blind 6000
gilbzh posts big blind 12000
Dealt to manggy94 [7h 6c]
*** PRE-FLOP *** 
SUPER FACILE raises 309166 to 321166 and is all-in
manggy94 folds
gilbzh folds
SUPER FACILE collected 344266 from pot
*** SUMMARY ***
Total pot 344266 | No rake
Seat 4: SUPER FACILE (button) won 344266


Winamax Poker - Tournament "Hold'em" buyIn: 4,50€ + 0,50€ level: 21 - HandId: #653249330127306753-127-1458911405 - Holdem no limit (1700/6000/12000) - 2016/03/25 13:10:05 UTC
Table: 'Hold'em(152096462)#0000' 4-max (real money) Seat #1 is the button
Seat 1: manggy94 (187169)
Seat 2: gilbzh (155329)
Seat 4: SUPER FACILE (344266)
*** ANTE/BLINDS ***
gilbzh posts ante 1700
SUPER FACILE posts ante 1700
manggy94 posts ante 1700
gilbzh posts small blind 6000
SUPER FACILE posts big blind 12000
Dealt to manggy94 [Qh 2d]
*** PRE-FLOP *** 
manggy94 folds
gilbzh folds
SUPER FACILE collected 23100 from pot
*** SUMMARY ***
Total pot 23100 | No rake
Seat 4: SUPER FACILE (big blind) won 23100


Winamax Poker - Tournament "Hold'em" buyIn: 4,50€ + 0,50€ level: 21 - HandId: #653249330127306753-128-1458911421 - Holdem no limit (1700/6000/12000) - 2016/03/25 13:10:21 UTC
Table: 'Hold'em(152096462)#0000' 4-max (real money) Seat #2 is the button
Seat 1: manggy94 (185469)
Seat 2: gilbzh (147629)
Seat 4: SUPER FACILE (353666)
*** ANTE/BLINDS ***
SUPER FACILE posts ante 1700
manggy94 posts ante 1700
gilbzh posts ante 1700
SUPER FACILE posts small blind 6000
manggy94 posts big blind 12000
Dealt to manggy94 [8c Jh]
*** PRE-FLOP *** 
gilbzh folds
SUPER FACILE folds
manggy94 collected 23100 from pot
*** SUMMARY ***
Total pot 23100 | No rake
Seat 1: manggy94 (big blind) won 23100


Winamax Poker - Tournament "Hold'em" buyIn: 4,50€ + 0,50€ level: 21 - HandId: #653249330127306753-129-1458911445 - Holdem no limit (1700/6000/12000) - 2016/03/25 13:10:45 UTC
Table: 'Hold'em(152096462)#0000' 4-max (real money) Seat #4 is the button
Seat 1: manggy94 (194869)
Seat 2: gilbzh (145929)
Seat 4: SUPER FACILE (345966)
*** ANTE/BLINDS ***
manggy94 posts ante 1700
gilbzh posts ante 1700
SUPER FACILE posts ante 1700
manggy94 posts small blind 6000
gilbzh posts big blind 12000
Dealt to manggy94 [Ah 3h]
*** PRE-FLOP *** 
SUPER FACILE folds
manggy94 raises 36000 to 48000
gilbzh folds
manggy94 collected 65100 from pot
*** SUMMARY ***
Total pot 65100 | No rake
Seat 1: manggy94 (small blind) won 65100


Winamax Poker - Tournament "Hold'em" buyIn: 4,50€ + 0,50€ level: 22 - HandId: #653249330127306753-130-1458911462 - Holdem no limit (2000/8000/16000) - 2016/03/25 13:11:02 UTC
Table: 'Hold'em(152096462)#0000' 4-max (real money) Seat #1 is the button
Seat 1: manggy94 (210269)
Seat 2: gilbzh (132229)
Seat 4: SUPER FACILE (344266)
*** ANTE/BLINDS ***
gilbzh posts ante 2000
SUPER FACILE posts ante 2000
manggy94 posts ante 2000
gilbzh posts small blind 8000
SUPER FACILE posts big blind 16000
Dealt to manggy94 [Qc 8h]
*** PRE-FLOP *** 
manggy94 calls 16000
gilbzh raises 114229 to 130229 and is all-in
SUPER FACILE folds
manggy94 folds
gilbzh collected 168229 from pot
*** SUMMARY ***
Total pot 168229 | No rake
Seat 2: gilbzh (small blind) won 168229


Winamax Poker - Tournament "Hold'em" buyIn: 4,50€ + 0,50€ level: 22 - HandId: #653249330127306753-131-1458911476 - Holdem no limit (2000/8000/16000) - 2016/03/25 13:11:16 UTC
Table: 'Hold'em(152096462)#0000' 4-max (real money) Seat #2 is the button
Seat 1: manggy94 (192269)
Seat 2: gilbzh (168229)
Seat 4: SUPER FACILE (326266)
*** ANTE/BLINDS ***
SUPER FACILE posts ante 2000
manggy94 posts ante 2000
gilbzh posts ante 2000
SUPER FACILE posts small blind 8000
manggy94 posts big blind 16000
Dealt to manggy94 [Jd 9h]
*** PRE-FLOP *** 
gilbzh folds
SUPER FACILE calls 8000
manggy94 checks
*** FLOP *** [Js Ts 8c]
SUPER FACILE checks
manggy94 checks
*** TURN *** [Js Ts 8c][Kd]
SUPER FACILE bets 16000
manggy94 calls 16000
*** RIVER *** [Js Ts 8c Kd][2d]
SUPER FACILE bets 21000
manggy94 calls 21000
*** SHOW DOWN ***
SUPER FACILE shows [7c Qs] (High card : King)
manggy94 shows [Jd 9h] (One pair : Jacks)
manggy94 collected 112000 from pot
*** SUMMARY ***
Total pot 112000 | No rake
Board: [Js Ts 8c Kd 2d]
Seat 1: manggy94 (big blind) showed [Jd 9h] and won 112000 with One pair : Jacks
Seat 4: SUPER FACILE (small blind) showed [7c Qs] and lost with High card : King


Winamax Poker - Tournament "Hold'em" buyIn: 4,50€ + 0,50€ level: 22 - HandId: #653249330127306753-132-1458911513 - Holdem no limit (2000/8000/16000) - 2016/03/25 13:11:53 UTC
Table: 'Hold'em(152096462)#0000' 4-max (real money) Seat #4 is the button
Seat 1: manggy94 (249269)
Seat 2: gilbzh (166229)
Seat 4: SUPER FACILE (271266)
*** ANTE/BLINDS ***
manggy94 posts ante 2000
gilbzh posts ante 2000
SUPER FACILE posts ante 2000
manggy94 posts small blind 8000
gilbzh posts big blind 16000
Dealt to manggy94 [7h 5d]
*** PRE-FLOP *** 
SUPER FACILE folds
manggy94 calls 8000
gilbzh checks
*** FLOP *** [Qh 2h 4h]
manggy94 bets 25333
gilbzh folds
manggy94 collected 63333 from pot
*** SUMMARY ***
Total pot 63333 | No rake
Board: [Qh 2h 4h]
Seat 1: manggy94 (small blind) won 63333


Winamax Poker - Tournament "Hold'em" buyIn: 4,50€ + 0,50€ level: 22 - HandId: #653249330127306753-133-1458911530 - Holdem no limit (2000/8000/16000) - 2016/03/25 13:12:10 UTC
Table: 'Hold'em(152096462)#0000' 4-max (real money) Seat #1 is the button
Seat 1: manggy94 (269269)
Seat 2: gilbzh (148229)
Seat 4: SUPER FACILE (269266)
*** ANTE/BLINDS ***
gilbzh posts ante 2000
SUPER FACILE posts ante 2000
manggy94 posts ante 2000
gilbzh posts small blind 8000
SUPER FACILE posts big blind 16000
Dealt to manggy94 [9s Kh]
*** PRE-FLOP *** 
manggy94 calls 16000
gilbzh calls 8000
SUPER FACILE checks
*** FLOP *** [5s 2h 8c]
gilbzh checks
SUPER FACILE checks
manggy94 bets 16000
gilbzh raises 114229 to 130229 and is all-in
SUPER FACILE folds
manggy94 folds
gilbzh collected 200229 from pot
*** SUMMARY ***
Total pot 200229 | No rake
Board: [5s 2h 8c]
Seat 2: gilbzh (small blind) won 200229


Winamax Poker - Tournament "Hold'em" buyIn: 4,50€ + 0,50€ level: 22 - HandId: #653249330127306753-134-1458911571 - Holdem no limit (2000/8000/16000) - 2016/03/25 13:12:51 UTC
Table: 'Hold'em(152096462)#0000' 4-max (real money) Seat #2 is the button
Seat 1: manggy94 (235269)
Seat 2: gilbzh (200229)
Seat 4: SUPER FACILE (251266)
*** ANTE/BLINDS ***
SUPER FACILE posts ante 2000
manggy94 posts ante 2000
gilbzh posts ante 2000
SUPER FACILE posts small blind 8000
manggy94 posts big blind 16000
Dealt to manggy94 [4d 4c]
*** PRE-FLOP *** 
gilbzh folds
SUPER FACILE calls 8000
manggy94 raises 217269 to 233269 and is all-in
SUPER FACILE folds
manggy94 collected 255269 from pot
*** SUMMARY ***
Total pot 255269 | No rake
Seat 1: manggy94 (big blind) won 255269


Winamax Poker - Tournament "Hold'em" buyIn: 4,50€ + 0,50€ level: 22 - HandId: #653249330127306753-135-1458911591 - Holdem no limit (2000/8000/16000) - 2016/03/25 13:13:11 UTC
Table: 'Hold'em(152096462)#0000' 4-max (real money) Seat #4 is the button
Seat 1: manggy94 (255269)
Seat 2: gilbzh (198229)
Seat 4: SUPER FACILE (233266)
*** ANTE/BLINDS ***
manggy94 posts ante 2000
gilbzh posts ante 2000
SUPER FACILE posts ante 2000
manggy94 posts small blind 8000
gilbzh posts big blind 16000
Dealt to manggy94 [2c 7d]
*** PRE-FLOP *** 
SUPER FACILE folds
manggy94 calls 8000
gilbzh checks
*** FLOP *** [7c Js 3h]
manggy94 bets 38000
gilbzh folds
manggy94 collected 76000 from pot
*** SUMMARY ***
Total pot 76000 | No rake
Board: [7c Js 3h]
Seat 1: manggy94 (small blind) won 76000


Winamax Poker - Tournament "Hold'em" buyIn: 4,50€ + 0,50€ level: 22 - HandId: #653249330127306753-136-1458911614 - Holdem no limit (2000/8000/16000) - 2016/03/25 13:13:34 UTC
Table: 'Hold'em(152096462)#0000' 4-max (real money) Seat #1 is the button
Seat 1: manggy94 (275269)
Seat 2: gilbzh (180229)
Seat 4: SUPER FACILE (231266)
*** ANTE/BLINDS ***
gilbzh posts ante 2000
SUPER FACILE posts ante 2000
manggy94 posts ante 2000
gilbzh posts small blind 8000
SUPER FACILE posts big blind 16000
Dealt to manggy94 [Js Ks]
*** PRE-FLOP *** 
manggy94 raises 46000 to 62000
gilbzh folds
SUPER FACILE folds
manggy94 collected 92000 from pot
*** SUMMARY ***
Total pot 92000 | No rake
Seat 1: manggy94 (button) won 92000


Winamax Poker - Tournament "Hold'em" buyIn: 4,50€ + 0,50€ level: 22 - HandId: #653249330127306753-137-1458911631 - Holdem no limit (2000/8000/16000) - 2016/03/25 13:13:51 UTC
Table: 'Hold'em(152096462)#0000' 4-max (real money) Seat #2 is the button
Seat 1: manggy94 (303269)
Seat 2: gilbzh (170229)
Seat 4: SUPER FACILE (213266)
*** ANTE/BLINDS ***
SUPER FACILE posts ante 2000
manggy94 posts ante 2000
gilbzh posts ante 2000
SUPER FACILE posts small blind 8000
manggy94 posts big blind 16000
Dealt to manggy94 [5d 7h]
*** PRE-FLOP *** 
gilbzh raises 46000 to 62000
SUPER FACILE folds
manggy94 folds
gilbzh collected 92000 from pot
*** SUMMARY ***
Total pot 92000 | No rake
Seat 2: gilbzh (button) won 92000


Winamax Poker - Tournament "Hold'em" buyIn: 4,50€ + 0,50€ level: 23 - HandId: #653249330127306753-138-1458911645 - Holdem no limit (2500/10000/20000) - 2016/03/25 13:14:05 UTC
Table: 'Hold'em(152096462)#0000' 4-max (real money) Seat #4 is the button
Seat 1: manggy94 (285269)
Seat 2: gilbzh (198229)
Seat 4: SUPER FACILE (203266)
*** ANTE/BLINDS ***
manggy94 posts ante 2500
gilbzh posts ante 2500
SUPER FACILE posts ante 2500
manggy94 posts small blind 10000
gilbzh posts big blind 20000
Dealt to manggy94 [Jd 8c]
*** PRE-FLOP *** 
SUPER FACILE folds
manggy94 folds
gilbzh collected 37500 from pot
*** SUMMARY ***
Total pot 37500 | No rake
Seat 2: gilbzh (big blind) won 37500


Winamax Poker - Tournament "Hold'em" buyIn: 4,50€ + 0,50€ level: 23 - HandId: #653249330127306753-139-1458911656 - Holdem no limit (2500/10000/20000) - 2016/03/25 13:14:16 UTC
Table: 'Hold'em(152096462)#0000' 4-max (real money) Seat #1 is the button
Seat 1: manggy94 (272769)
Seat 2: gilbzh (213229)
Seat 4: SUPER FACILE (200766)
*** ANTE/BLINDS ***
gilbzh posts ante 2500
SUPER FACILE posts ante 2500
manggy94 posts ante 2500
gilbzh posts small blind 10000
SUPER FACILE posts big blind 20000
Dealt to manggy94 [6s Jh]
*** PRE-FLOP *** 
manggy94 folds
gilbzh folds
SUPER FACILE collected 37500 from pot
*** SUMMARY ***
Total pot 37500 | No rake
Seat 4: SUPER FACILE (big blind) won 37500


Winamax Poker - Tournament "Hold'em" buyIn: 4,50€ + 0,50€ level: 23 - HandId: #653249330127306785-1-1458911679 - Holdem no limit (2500/10000/20000) - 2016/03/25 13:14:39 UTC
Table: 'Hold'em(152096462)#0032' 5-max (real money) Seat #4 is the button
Seat 1: NONONATOR (191720)
Seat 2: _Pirch_ (541516)
Seat 3: gilbzh (200729)
Seat 4: manggy94 (270269)
Seat 5: SUPER FACILE (215766)
*** ANTE/BLINDS ***
SUPER FACILE posts ante 2500
NONONATOR posts ante 2500
_Pirch_ posts ante 2500
gilbzh posts ante 2500
manggy94 posts ante 2500
SUPER FACILE posts small blind 10000
NONONATOR posts big blind 20000
Dealt to manggy94 [Qc 9s]
*** PRE-FLOP *** 
_Pirch_ raises 20000 to 40000
gilbzh folds
manggy94 folds
SUPER FACILE folds
NONONATOR folds
_Pirch_ collected 82500 from pot
*** SUMMARY ***
Total pot 82500 | No rake
Seat 2: _Pirch_ won 82500


Winamax Poker - Tournament "Hold'em" buyIn: 4,50€ + 0,50€ level: 23 - HandId: #653249330127306785-2-1458911705 - Holdem no limit (2500/10000/20000) - 2016/03/25 13:15:05 UTC
Table: 'Hold'em(152096462)#0032' 5-max (real money) Seat #5 is the button
Seat 1: NONONATOR (169220)
Seat 2: _Pirch_ (581516)
Seat 3: gilbzh (198229)
Seat 4: manggy94 (267769)
Seat 5: SUPER FACILE (203266)
*** ANTE/BLINDS ***
NONONATOR posts ante 2500
_Pirch_ posts ante 2500
gilbzh posts ante 2500
manggy94 posts ante 2500
SUPER FACILE posts ante 2500
NONONATOR posts small blind 10000
_Pirch_ posts big blind 20000
Dealt to manggy94 [6s Tc]
*** PRE-FLOP *** 
gilbzh folds
manggy94 folds
SUPER FACILE folds
NONONATOR raises 146720 to 166720 and is all-in
_Pirch_ calls 146720
*** FLOP *** [Qd 8d Js]
*** TURN *** [Qd 8d Js][Jc]
*** RIVER *** [Qd 8d Js Jc][4c]
*** SHOW DOWN ***
_Pirch_ shows [Td Jh] (Trips of Jacks)
NONONATOR shows [Jd Kc] (Trips of Jacks)
NONONATOR collected 345940 from pot
*** SUMMARY ***
Total pot 345940 | No rake
Board: [Qd 8d Js Jc 4c]
Seat 1: NONONATOR (small blind) showed [Jd Kc] and won 345940 with Trips of Jacks
Seat 2: _Pirch_ (big blind) showed [Td Jh] and lost with Trips of Jacks


Winamax Poker - Tournament "Hold'em" buyIn: 4,50€ + 0,50€ level: 23 - HandId: #653249330127306785-3-1458911738 - Holdem no limit (2500/10000/20000) - 2016/03/25 13:15:38 UTC
Table: 'Hold'em(152096462)#0032' 5-max (real money) Seat #1 is the button
Seat 1: NONONATOR (345940)
Seat 2: _Pirch_ (412296)
Seat 3: gilbzh (195729)
Seat 4: manggy94 (265269)
Seat 5: SUPER FACILE (200766)
*** ANTE/BLINDS ***
_Pirch_ posts ante 2500
gilbzh posts ante 2500
NONONATOR posts ante 2500
manggy94 posts ante 2500
SUPER FACILE posts ante 2500
_Pirch_ posts small blind 10000
gilbzh posts big blind 20000
Dealt to manggy94 [8d 6h]
*** PRE-FLOP *** 
manggy94 folds
SUPER FACILE folds
NONONATOR folds
_Pirch_ raises 389796 to 409796 and is all-in
gilbzh folds
_Pirch_ collected 442296 from pot
*** SUMMARY ***
Total pot 442296 | No rake
Seat 2: _Pirch_ (small blind) won 442296


Winamax Poker - Tournament "Hold'em" buyIn: 4,50€ + 0,50€ level: 23 - HandId: #653249330127306785-4-1458911757 - Holdem no limit (2500/10000/20000) - 2016/03/25 13:15:57 UTC
Table: 'Hold'em(152096462)#0032' 5-max (real money) Seat #2 is the button
Seat 1: NONONATOR (343440)
Seat 2: _Pirch_ (442296)
Seat 3: gilbzh (173229)
Seat 4: manggy94 (262769)
Seat 5: SUPER FACILE (198266)
*** ANTE/BLINDS ***
gilbzh posts ante 2500
manggy94 posts ante 2500
NONONATOR posts ante 2500
_Pirch_ posts ante 2500
SUPER FACILE posts ante 2500
gilbzh posts small blind 10000
manggy94 posts big blind 20000
Dealt to manggy94 [Kd Js]
*** PRE-FLOP *** 
SUPER FACILE folds
NONONATOR folds
_Pirch_ raises 20000 to 40000
gilbzh folds
manggy94 raises 102500 to 142500
_Pirch_ raises 102500 to 245000
manggy94 calls 102500
*** FLOP *** [4s 8d As]
manggy94 bets 15269 and is all-in
_Pirch_ calls 15269
*** TURN *** [4s 8d As][3s]
*** RIVER *** [4s 8d As 3s][3h]
*** SHOW DOWN ***
manggy94 shows [Kd Js] (One pair : 3)
_Pirch_ shows [Ts Tc] (Two pairs : Tens and 3)
_Pirch_ collected 543038 from pot
*** SUMMARY ***
Total pot 543038 | No rake
Board: [4s 8d As 3s 3h]
Seat 2: _Pirch_ (button) showed [Ts Tc] and won 543038 with Two pairs : Tens and 3
Seat 4: manggy94 (big blind) showed [Kd Js] and lost with One pair : 3


