Winamax Poker - Tournament "Kill The Fish" buyIn: 2,25€ + 2,25€ + 0,50€ level: 6 - HandId: #653247131104051242-7-1458917525 - Holdem no limit (30/200/400) - 2016/03/25 14:52:05 UTC
Table: 'Kill The Fish(152095950)#041' 8-max (real money) Seat #5 is the button
Seat 1: F. Chopin (33445)
Seat 2: 83whine4win (11070)
Seat 4: foulaufleur (11651)
Seat 5: Tigrou 1969 (8295)
Seat 6: manggy94 (10000)
Seat 7: 99irlou99 (13953)
Seat 8: Dis23 (8062)
*** ANTE/BLINDS ***
99irlou99 posts ante 30
Dis23 posts ante 30
F. Chopin posts ante 30
83whine4win posts ante 30
foulaufleur posts ante 30
Tigrou 1969 posts ante 30
99irlou99 posts small blind 200
Dis23 posts big blind 400
*** PRE-FLOP *** 
F. Chopin folds
83whine4win folds
foulaufleur folds
Tigrou 1969 calls 400
99irlou99 folds
Dis23 checks
*** FLOP *** [Tc 9s 5c]
Dis23 checks
Tigrou 1969 checks
*** TURN *** [Tc 9s 5c][As]
Dis23 checks
Tigrou 1969 bets 400
Dis23 folds
Tigrou 1969 collected 1580 from pot
*** SUMMARY ***
Total pot 1580 | No rake
Board: [Tc 9s 5c As]
Seat 5: Tigrou 1969 (button) won 1580


Winamax Poker - Tournament "Kill The Fish" buyIn: 2,25€ + 2,25€ + 0,50€ level: 6 - HandId: #653247131104051242-8-1458917556 - Holdem no limit (30/200/400) - 2016/03/25 14:52:36 UTC
Table: 'Kill The Fish(152095950)#041' 8-max (real money) Seat #7 is the button
Seat 1: F. Chopin (33415)
Seat 2: 83whine4win (11040)
Seat 4: foulaufleur (11621)
Seat 5: Tigrou 1969 (9045)
Seat 6: manggy94 (10000)
Seat 7: 99irlou99 (13723)
Seat 8: Dis23 (7632)
*** ANTE/BLINDS ***
Dis23 posts ante 30
F. Chopin posts ante 30
83whine4win posts ante 30
foulaufleur posts ante 30
Tigrou 1969 posts ante 30
manggy94 posts ante 30
99irlou99 posts ante 30
Dis23 posts small blind 200
F. Chopin posts big blind 400
Dealt to manggy94 [Qh Qc]
*** PRE-FLOP *** 
83whine4win folds
foulaufleur folds
Tigrou 1969 calls 400
manggy94 raises 1610 to 2010
99irlou99 folds
Dis23 calls 1810
F. Chopin folds
Tigrou 1969 folds
*** FLOP *** [Js Jc Kh]
Dis23 checks
manggy94 bets 5800
Dis23 calls 5592 and is all-in
*** TURN *** [Js Jc Kh][3h]
*** RIVER *** [Js Jc Kh 3h][5c]
*** SHOW DOWN ***
Dis23 shows [Ks 4s] (Two pairs : Kings and Jacks)
manggy94 shows [Qh Qc] (Two pairs : Queens and Jacks)
manggy94 collected 208 from side pot 1
Dis23 collected 16214 from main pot
*** SUMMARY ***
Total pot 16422 | No rake
Board: [Js Jc Kh 3h 5c]
Seat 6: manggy94 showed [Qh Qc] and won 208 with Two pairs : Queens and Jacks
Seat 8: Dis23 (small blind) showed [Ks 4s] and won 16214 with Two pairs : Kings and Jacks


Winamax Poker - Tournament "Kill The Fish" buyIn: 2,25€ + 2,25€ + 0,50€ level: 6 - HandId: #653247131104051242-9-1458917628 - Holdem no limit (30/200/400) - 2016/03/25 14:53:48 UTC
Table: 'Kill The Fish(152095950)#041' 8-max (real money) Seat #8 is the button
Seat 1: F. Chopin (32985)
Seat 2: 83whine4win (11010)
Seat 4: foulaufleur (11591)
Seat 5: Tigrou 1969 (8615)
Seat 6: manggy94 (2368)
Seat 7: 99irlou99 (13693)
Seat 8: Dis23 (16214)
*** ANTE/BLINDS ***
F. Chopin posts ante 30
83whine4win posts ante 30
foulaufleur posts ante 30
Tigrou 1969 posts ante 30
manggy94 posts ante 30
99irlou99 posts ante 30
Dis23 posts ante 30
F. Chopin posts small blind 200
83whine4win posts big blind 400
Dealt to manggy94 [Tc 3s]
*** PRE-FLOP *** 
foulaufleur folds
Tigrou 1969 calls 400
manggy94 folds
99irlou99 folds
Dis23 calls 400
F. Chopin calls 200
83whine4win checks
*** FLOP *** [2c Ac Js]
F. Chopin checks
83whine4win checks
Tigrou 1969 checks
Dis23 bets 1046
F. Chopin calls 1046
83whine4win folds
Tigrou 1969 folds
*** TURN *** [2c Ac Js][Ah]
F. Chopin checks
Dis23 bets 2007
F. Chopin folds
Dis23 collected 5909 from pot
*** SUMMARY ***
Total pot 5909 | No rake
Board: [2c Ac Js Ah]
Seat 8: Dis23 (button) won 5909


Winamax Poker - Tournament "Kill The Fish" buyIn: 2,25€ + 2,25€ + 0,50€ level: 6 - HandId: #653247131104051242-10-1458917700 - Holdem no limit (30/200/400) - 2016/03/25 14:55:00 UTC
Table: 'Kill The Fish(152095950)#041' 8-max (real money) Seat #1 is the button
Seat 1: F. Chopin (31509)
Seat 2: 83whine4win (10580)
Seat 3: beren7575 (10000)
Seat 4: foulaufleur (11561)
Seat 5: Tigrou 1969 (8185)
Seat 6: manggy94 (2338)
Seat 7: 99irlou99 (13663)
Seat 8: Dis23 (18640)
*** ANTE/BLINDS ***
83whine4win posts ante 30
beren7575 posts ante 30
F. Chopin posts ante 30
foulaufleur posts ante 30
Tigrou 1969 posts ante 30
manggy94 posts ante 30
99irlou99 posts ante 30
Dis23 posts ante 30
83whine4win posts small blind 200
beren7575 posts big blind 400
Dealt to manggy94 [9c 9h]
*** PRE-FLOP *** 
foulaufleur folds
Tigrou 1969 folds
manggy94 raises 1908 to 2308 and is all-in
99irlou99 folds
Dis23 calls 2308
F. Chopin folds
83whine4win folds
beren7575 folds
*** FLOP *** [7d Td 7c]
*** TURN *** [7d Td 7c][4s]
*** RIVER *** [7d Td 7c 4s][Js]
*** SHOW DOWN ***
manggy94 shows [9c 9h] (Two pairs : 9 and 7)
Dis23 shows [2c Jd] (Two pairs : Jacks and 7)
Dis23 collected 5456 from pot
*** SUMMARY ***
Total pot 5456 | No rake
Board: [7d Td 7c 4s Js]
Seat 6: manggy94 showed [9c 9h] and lost with Two pairs : 9 and 7
Seat 8: Dis23 showed [2c Jd] and won 5456 with Two pairs : Jacks and 7


