Winamax Poker - Tournament "Hit&Run Ticket 10€" buyIn: 1,80€ + 0,20€ level: 7 - HandId: #684014816523714563-57-1464791319 - Holdem no limit (40/250/500) - 2016/06/01 14:28:39 UTC
Table: 'Hit&Run Ticket 10€(159259610)#002' 6-max (real money) Seat #5 is the button
Seat 1: Giiooocole55 (8930)
Seat 2: BIG-TONY.35 (17336)
Seat 3: nolhan59254 (3421)
Seat 4: manggy94 (9000)
Seat 5: josh2525 (3779)
Seat 6: IraizeUfold (18704)
*** ANTE/BLINDS ***
IraizeUfold posts ante 40
Giiooocole55 posts ante 40
BIG-TONY.35 posts ante 40
nolhan59254 posts ante 40
manggy94 posts ante 40
josh2525 posts ante 40
IraizeUfold posts small blind 250
Giiooocole55 posts big blind 500
Dealt to manggy94 [Jh 3h]
*** PRE-FLOP *** 
BIG-TONY.35 raises 1000 to 1500
nolhan59254 folds
manggy94 folds
josh2525 folds
IraizeUfold folds
Giiooocole55 raises 7390 to 8890 and is all-in
BIG-TONY.35 calls 7390
*** FLOP *** [4d 5s 5h]
*** TURN *** [4d 5s 5h][Qh]
*** RIVER *** [4d 5s 5h Qh][2h]
*** SHOW DOWN ***
Giiooocole55 shows [7c Kc] (One pair : 5)
BIG-TONY.35 shows [Th Td] (Two pairs : Tens and 5)
BIG-TONY.35 collected 18270 from pot
*** SUMMARY ***
Total pot 18270 | No rake
Board: [4d 5s 5h Qh 2h]
Seat 1: Giiooocole55 (big blind) showed [7c Kc] and lost with One pair : 5
Seat 2: BIG-TONY.35 showed [Th Td] and won 18270 with Two pairs : Tens and 5


Winamax Poker - Tournament "Hit&Run Ticket 10€" buyIn: 1,80€ + 0,20€ level: 7 - HandId: #684014816523714563-58-1464791368 - Holdem no limit (40/250/500) - 2016/06/01 14:29:28 UTC
Table: 'Hit&Run Ticket 10€(159259610)#002' 6-max (real money) Seat #6 is the button
Seat 2: BIG-TONY.35 (26676)
Seat 3: nolhan59254 (3381)
Seat 4: manggy94 (8960)
Seat 5: josh2525 (3739)
Seat 6: IraizeUfold (18414)
*** ANTE/BLINDS ***
BIG-TONY.35 posts ante 40
nolhan59254 posts ante 40
manggy94 posts ante 40
josh2525 posts ante 40
IraizeUfold posts ante 40
BIG-TONY.35 posts big blind 500
Dealt to manggy94 [6d Ts]
*** PRE-FLOP *** 
nolhan59254 folds
manggy94 calls 500
josh2525 folds
IraizeUfold folds
BIG-TONY.35 checks
*** FLOP *** [Kc As 2d]
BIG-TONY.35 checks
manggy94 bets 500
BIG-TONY.35 folds
manggy94 collected 1700 from pot
*** SUMMARY ***
Total pot 1700 | No rake
Board: [Kc As 2d]
Seat 4: manggy94 won 1700


Winamax Poker - Tournament "Hit&Run Ticket 10€" buyIn: 1,80€ + 0,20€ level: 7 - HandId: #684014816523714563-59-1464791493 - Holdem no limit (40/250/500) - 2016/06/01 14:31:33 UTC
Table: 'Hit&Run Ticket 10€(159259610)#002' 6-max (real money) Seat #1 is the button
Seat 1: marjorie c (9000)
Seat 2: BIG-TONY.35 (26136)
Seat 3: nolhan59254 (3341)
Seat 4: manggy94 (9620)
Seat 5: josh2525 (3699)
Seat 6: IraizeUfold (18374)
*** ANTE/BLINDS ***
BIG-TONY.35 posts ante 40
nolhan59254 posts ante 40
manggy94 posts ante 40
josh2525 posts ante 40
IraizeUfold posts ante 40
BIG-TONY.35 posts small blind 250
nolhan59254 posts big blind 500
Dealt to manggy94 [Qh 8s]
*** PRE-FLOP *** 
manggy94 folds
josh2525 folds
IraizeUfold folds
BIG-TONY.35 folds
nolhan59254 collected 950 from pot
*** SUMMARY ***
Total pot 950 | No rake
Seat 3: nolhan59254 (big blind) won 950


Winamax Poker - Tournament "Hit&Run Ticket 10€" buyIn: 1,80€ + 0,20€ level: 7 - HandId: #684014816523714563-60-1464791527 - Holdem no limit (40/250/500) - 2016/06/01 14:32:07 UTC
Table: 'Hit&Run Ticket 10€(159259610)#002' 6-max (real money) Seat #2 is the button
Seat 1: marjorie c (9000)
Seat 2: BIG-TONY.35 (25846)
Seat 3: nolhan59254 (3751)
Seat 4: manggy94 (9580)
Seat 5: josh2525 (3659)
Seat 6: IraizeUfold (18334)
*** ANTE/BLINDS ***
nolhan59254 posts ante 40
manggy94 posts ante 40
marjorie c posts ante 40
BIG-TONY.35 posts ante 40
josh2525 posts ante 40
IraizeUfold posts ante 40
nolhan59254 posts small blind 250
manggy94 posts big blind 500
Dealt to manggy94 [Kh 6c]
*** PRE-FLOP *** 
josh2525 folds
IraizeUfold folds
marjorie c folds
BIG-TONY.35 folds
nolhan59254 calls 250
manggy94 checks
*** FLOP *** [8d 4c Js]
nolhan59254 checks
manggy94 bets 930
nolhan59254 folds
manggy94 collected 2170 from pot
*** SUMMARY ***
Total pot 2170 | No rake
Board: [8d 4c Js]
Seat 4: manggy94 (big blind) won 2170


Winamax Poker - Tournament "Hit&Run Ticket 10€" buyIn: 1,80€ + 0,20€ level: 7 - HandId: #684014816523714563-61-1464791575 - Holdem no limit (40/250/500) - 2016/06/01 14:32:55 UTC
Table: 'Hit&Run Ticket 10€(159259610)#002' 6-max (real money) Seat #3 is the button
Seat 1: marjorie c (8960)
Seat 2: BIG-TONY.35 (25806)
Seat 3: nolhan59254 (3211)
Seat 4: manggy94 (10280)
Seat 5: josh2525 (3619)
Seat 6: IraizeUfold (18294)
*** ANTE/BLINDS ***
manggy94 posts ante 40
josh2525 posts ante 40
marjorie c posts ante 40
BIG-TONY.35 posts ante 40
nolhan59254 posts ante 40
IraizeUfold posts ante 40
manggy94 posts small blind 250
josh2525 posts big blind 500
Dealt to manggy94 [Ah Td]
*** PRE-FLOP *** 
IraizeUfold raises 500 to 1000
marjorie c folds
BIG-TONY.35 folds
nolhan59254 folds
manggy94 calls 750
josh2525 calls 500
*** FLOP *** [5d 7d Ad]
manggy94 bets 1620
josh2525 raises 959 to 2579 and is all-in
IraizeUfold folds
manggy94 calls 959
*** TURN *** [5d 7d Ad][8s]
*** RIVER *** [5d 7d Ad 8s][Jd]
*** SHOW DOWN ***
manggy94 shows [Ah Td] (Flush Ace high)
josh2525 shows [Qd Th] (Flush Ace high)
josh2525 collected 8398 from pot
*** SUMMARY ***
Total pot 8398 | No rake
Board: [5d 7d Ad 8s Jd]
Seat 4: manggy94 (small blind) showed [Ah Td] and lost with Flush Ace high
Seat 5: josh2525 (big blind) showed [Qd Th] and won 8398 with Flush Ace high


Winamax Poker - Tournament "Hit&Run Ticket 10€" buyIn: 1,80€ + 0,20€ level: 8 - HandId: #684014816523714563-62-1464791651 - Holdem no limit (60/300/600) - 2016/06/01 14:34:11 UTC
Table: 'Hit&Run Ticket 10€(159259610)#002' 6-max (real money) Seat #4 is the button
Seat 1: marjorie c (8920)
Seat 2: BIG-TONY.35 (25766)
Seat 3: nolhan59254 (3171)
Seat 4: manggy94 (6661)
Seat 5: josh2525 (8398)
Seat 6: IraizeUfold (17254)
*** ANTE/BLINDS ***
josh2525 posts ante 60
IraizeUfold posts ante 60
marjorie c posts ante 60
BIG-TONY.35 posts ante 60
nolhan59254 posts ante 60
manggy94 posts ante 60
josh2525 posts small blind 300
IraizeUfold posts big blind 600
Dealt to manggy94 [5c 9d]
*** PRE-FLOP *** 
marjorie c calls 600
BIG-TONY.35 folds
nolhan59254 calls 600
manggy94 folds
josh2525 calls 300
IraizeUfold checks
*** FLOP *** [Qh 9c Kh]
josh2525 checks
IraizeUfold checks
marjorie c checks
nolhan59254 bets 600
josh2525 folds
IraizeUfold folds
marjorie c calls 600
*** TURN *** [Qh 9c Kh][Ac]
marjorie c checks
nolhan59254 checks
*** RIVER *** [Qh 9c Kh Ac][8h]
marjorie c bets 7660 and is all-in
nolhan59254 folds
marjorie c collected 11620 from pot
*** SUMMARY ***
Total pot 11620 | No rake
Board: [Qh 9c Kh Ac 8h]
Seat 1: marjorie c won 11620


Winamax Poker - Tournament "Hit&Run Ticket 10€" buyIn: 1,80€ + 0,20€ level: 8 - HandId: #684014816523714563-63-1464791763 - Holdem no limit (60/300/600) - 2016/06/01 14:36:03 UTC
Table: 'Hit&Run Ticket 10€(159259610)#002' 6-max (real money) Seat #5 is the button
Seat 1: marjorie c (11620)
Seat 2: BIG-TONY.35 (25706)
Seat 3: nolhan59254 (1911)
Seat 4: manggy94 (6601)
Seat 5: josh2525 (7738)
Seat 6: IraizeUfold (16594)
*** ANTE/BLINDS ***
IraizeUfold posts ante 60
marjorie c posts ante 60
BIG-TONY.35 posts ante 60
nolhan59254 posts ante 60
manggy94 posts ante 60
josh2525 posts ante 60
IraizeUfold posts small blind 300
marjorie c posts big blind 600
Dealt to manggy94 [Ac Qc]
*** PRE-FLOP *** 
BIG-TONY.35 folds
nolhan59254 folds
manggy94 raises 5941 to 6541 and is all-in
josh2525 folds
IraizeUfold folds
marjorie c folds
manggy94 collected 7801 from pot
*** SUMMARY ***
Total pot 7801 | No rake
Seat 4: manggy94 won 7801


Winamax Poker - Tournament "Hit&Run Ticket 10€" buyIn: 1,80€ + 0,20€ level: 8 - HandId: #684014816523714563-64-1464791804 - Holdem no limit (60/300/600) - 2016/06/01 14:36:44 UTC
Table: 'Hit&Run Ticket 10€(159259610)#002' 6-max (real money) Seat #6 is the button
Seat 1: marjorie c (10960)
Seat 2: BIG-TONY.35 (25646)
Seat 3: nolhan59254 (1851)
Seat 4: manggy94 (7801)
Seat 5: josh2525 (7678)
Seat 6: IraizeUfold (16234)
*** ANTE/BLINDS ***
marjorie c posts ante 60
BIG-TONY.35 posts ante 60
nolhan59254 posts ante 60
manggy94 posts ante 60
josh2525 posts ante 60
IraizeUfold posts ante 60
marjorie c posts small blind 300
BIG-TONY.35 posts big blind 600
Dealt to manggy94 [8s 3s]
*** PRE-FLOP *** 
nolhan59254 folds
manggy94 folds
josh2525 raises 600 to 1200
IraizeUfold folds
marjorie c folds
BIG-TONY.35 folds
josh2525 collected 2460 from pot
*** SUMMARY ***
Total pot 2460 | No rake
Seat 5: josh2525 won 2460


Winamax Poker - Tournament "Hit&Run Ticket 10€" buyIn: 1,80€ + 0,20€ level: 8 - HandId: #684014816523714563-65-1464791837 - Holdem no limit (60/300/600) - 2016/06/01 14:37:17 UTC
Table: 'Hit&Run Ticket 10€(159259610)#002' 6-max (real money) Seat #1 is the button
Seat 1: marjorie c (10600)
Seat 2: BIG-TONY.35 (24986)
Seat 3: nolhan59254 (1791)
Seat 4: manggy94 (7741)
Seat 5: josh2525 (8878)
Seat 6: IraizeUfold (16174)
*** ANTE/BLINDS ***
BIG-TONY.35 posts ante 60
nolhan59254 posts ante 60
marjorie c posts ante 60
manggy94 posts ante 60
josh2525 posts ante 60
IraizeUfold posts ante 60
BIG-TONY.35 posts small blind 300
nolhan59254 posts big blind 600
Dealt to manggy94 [Kh Td]
*** PRE-FLOP *** 
manggy94 raises 600 to 1200
josh2525 calls 1200
IraizeUfold folds
marjorie c folds
BIG-TONY.35 calls 900
nolhan59254 folds
*** FLOP *** [9d Qs Ac]
BIG-TONY.35 bets 2280
manggy94 folds
josh2525 raises 5338 to 7618 and is all-in
BIG-TONY.35 calls 5338
*** TURN *** [9d Qs Ac][8h]
*** RIVER *** [9d Qs Ac 8h][Ad]
*** SHOW DOWN ***
BIG-TONY.35 shows [7s Ah] (Trips of Aces)
josh2525 shows [As 4s] (Trips of Aces)
josh2525 collected 9898 from pot
BIG-TONY.35 collected 9898 from pot
*** SUMMARY ***
Total pot 19796 | No rake
Board: [9d Qs Ac 8h Ad]
Seat 2: BIG-TONY.35 (small blind) showed [7s Ah] and won 9898 with Trips of Aces
Seat 5: josh2525 showed [As 4s] and won 9898 with Trips of Aces


Winamax Poker - Tournament "Hit&Run Ticket 10€" buyIn: 1,80€ + 0,20€ level: 8 - HandId: #684014816523714563-66-1464791901 - Holdem no limit (60/300/600) - 2016/06/01 14:38:21 UTC
Table: 'Hit&Run Ticket 10€(159259610)#002' 6-max (real money) Seat #2 is the button
Seat 1: marjorie c (10692)
Seat 2: BIG-TONY.35 (26158)
Seat 3: nolhan59254 (1283)
Seat 4: manggy94 (6633)
Seat 5: josh2525 (10050)
Seat 6: IraizeUfold (16266)
*** ANTE/BLINDS ***
nolhan59254 posts ante 60
manggy94 posts ante 60
marjorie c posts ante 60
BIG-TONY.35 posts ante 60
josh2525 posts ante 60
IraizeUfold posts ante 60
nolhan59254 posts small blind 300
manggy94 posts big blind 600
Dealt to manggy94 [8h Ad]
*** PRE-FLOP *** 
josh2525 raises 1200 to 1800
IraizeUfold folds
marjorie c folds
BIG-TONY.35 folds
nolhan59254 folds
manggy94 calls 1200
*** FLOP *** [5d Qc 6h]
manggy94 bets 2840
josh2525 raises 5350 to 8190 and is all-in
manggy94 calls 1933 and is all-in
*** TURN *** [5d Qc 6h][7c]
*** RIVER *** [5d Qc 6h 7c][9h]
*** SHOW DOWN ***
manggy94 shows [8h Ad] (Straight 9 high)
josh2525 shows [Ah Qs] (One pair : Queens)
josh2525 collected 3417 from side pot 1
manggy94 collected 13806 from main pot
*** SUMMARY ***
Total pot 17223 | No rake
Board: [5d Qc 6h 7c 9h]
Seat 4: manggy94 (big blind) showed [8h Ad] and won 13806 with Straight 9 high
Seat 5: josh2525 showed [Ah Qs] and won 3417 with One pair : Queens


Winamax Poker - Tournament "Hit&Run Ticket 10€" buyIn: 1,80€ + 0,20€ level: 8 - HandId: #684014816523714563-67-1464791932 - Holdem no limit (60/300/600) - 2016/06/01 14:38:52 UTC
Table: 'Hit&Run Ticket 10€(159259610)#002' 5-max (real money) Seat #3 is the button
Seat 1: marjorie c (10632)
Seat 2: BIG-TONY.35 (26098)
Seat 3: nolhan59254 (923)
Seat 4: manggy94 (13806)
Seat 5: josh2525 (3417)
*** ANTE/BLINDS ***
manggy94 posts ante 60
josh2525 posts ante 60
marjorie c posts ante 60
BIG-TONY.35 posts ante 60
nolhan59254 posts ante 60
manggy94 posts small blind 300
josh2525 posts big blind 600
Dealt to manggy94 [8h Ts]
*** PRE-FLOP *** 
marjorie c calls 600
BIG-TONY.35 folds
nolhan59254 folds
manggy94 calls 300
josh2525 checks
*** FLOP *** [3c 3h 5c]
manggy94 checks
josh2525 checks
marjorie c checks
*** TURN *** [3c 3h 5c][2s]
manggy94 checks
josh2525 checks
marjorie c checks
*** RIVER *** [3c 3h 5c 2s][8s]
manggy94 bets 1050
josh2525 folds
marjorie c folds
manggy94 collected 3150 from pot
*** SUMMARY ***
Total pot 3150 | No rake
Board: [3c 3h 5c 2s 8s]
Seat 4: manggy94 (small blind) won 3150


Winamax Poker - Tournament "Hit&Run Ticket 10€" buyIn: 1,80€ + 0,20€ level: 9 - HandId: #684014816523714563-68-1464792031 - Holdem no limit (75/400/800) - 2016/06/01 14:40:31 UTC
Table: 'Hit&Run Ticket 10€(159259610)#002' 5-max (real money) Seat #4 is the button
Seat 1: marjorie c (9972)
Seat 2: BIG-TONY.35 (26038)
Seat 3: nolhan59254 (863)
Seat 4: manggy94 (15246)
Seat 5: josh2525 (2757)
*** ANTE/BLINDS ***
josh2525 posts ante 75
marjorie c posts ante 75
BIG-TONY.35 posts ante 75
nolhan59254 posts ante 75
manggy94 posts ante 75
josh2525 posts small blind 400
marjorie c posts big blind 800
Dealt to manggy94 [7d 4d]
*** PRE-FLOP *** 
BIG-TONY.35 calls 800
nolhan59254 folds
manggy94 folds
josh2525 calls 400
marjorie c checks
*** FLOP *** [2c 8h 5c]
josh2525 checks
marjorie c bets 800
BIG-TONY.35 calls 800
josh2525 folds
*** TURN *** [2c 8h 5c][5s]
marjorie c bets 800
BIG-TONY.35 calls 800
*** RIVER *** [2c 8h 5c 5s][Qc]
marjorie c checks
BIG-TONY.35 checks
*** SHOW DOWN ***
marjorie c shows [8d 4c] (Two pairs : 8 and 5)
BIG-TONY.35 shows [5d Td] (Trips of 5)
BIG-TONY.35 collected 5975 from pot
*** SUMMARY ***
Total pot 5975 | No rake
Board: [2c 8h 5c 5s Qc]
Seat 1: marjorie c (big blind) showed [8d 4c] and lost with Two pairs : 8 and 5
Seat 2: BIG-TONY.35 showed [5d Td] and won 5975 with Trips of 5


Winamax Poker - Tournament "Hit&Run Ticket 10€" buyIn: 1,80€ + 0,20€ level: 9 - HandId: #684014816523714563-69-1464792144 - Holdem no limit (75/400/800) - 2016/06/01 14:42:24 UTC
Table: 'Hit&Run Ticket 10€(159259610)#002' 6-max (real money) Seat #5 is the button
Seat 1: marjorie c (7497)
Seat 2: BIG-TONY.35 (29538)
Seat 3: nolhan59254 (788)
Seat 4: manggy94 (15171)
Seat 5: josh2525 (1882)
Seat 6: IraizeUfold (15331)
*** ANTE/BLINDS ***
marjorie c posts ante 75
BIG-TONY.35 posts ante 75
nolhan59254 posts ante 75
manggy94 posts ante 75
josh2525 posts ante 75
marjorie c posts small blind 400
BIG-TONY.35 posts big blind 800
Dealt to manggy94 [3h Ts]
*** PRE-FLOP *** 
nolhan59254 folds
manggy94 folds
josh2525 folds
marjorie c calls 400
BIG-TONY.35 checks
*** FLOP *** [8h Jh 7h]
marjorie c checks
BIG-TONY.35 checks
*** TURN *** [8h Jh 7h][4c]
marjorie c checks
BIG-TONY.35 checks
*** RIVER *** [8h Jh 7h 4c][Qh]
marjorie c checks
BIG-TONY.35 checks
*** SHOW DOWN ***
marjorie c shows [3s As] (High card : Ace)
BIG-TONY.35 shows [3d 7d] (One pair : 7)
BIG-TONY.35 collected 1975 from pot
*** SUMMARY ***
Total pot 1975 | No rake
Board: [8h Jh 7h 4c Qh]
Seat 1: marjorie c (small blind) showed [3s As] and lost with High card : Ace
Seat 2: BIG-TONY.35 (big blind) showed [3d 7d] and won 1975 with One pair : 7


Winamax Poker - Tournament "Hit&Run Ticket 10€" buyIn: 1,80€ + 0,20€ level: 9 - HandId: #684014816523714563-70-1464792279 - Holdem no limit (75/400/800) - 2016/06/01 14:44:39 UTC
Table: 'Hit&Run Ticket 10€(159259610)#002' 6-max (real money) Seat #1 is the button
Seat 1: marjorie c (6819)
Seat 2: BIG-TONY.35 (30834)
Seat 3: nolhan59254 (910)
Seat 4: manggy94 (15292)
Seat 5: josh2525 (2004)
Seat 6: IraizeUfold (15527)
*** ANTE/BLINDS ***
BIG-TONY.35 posts ante 75
nolhan59254 posts ante 75
marjorie c posts ante 75
manggy94 posts ante 75
josh2525 posts ante 75
IraizeUfold posts ante 75
BIG-TONY.35 posts small blind 400
nolhan59254 posts big blind 800
Dealt to manggy94 [Kd 2d]
*** PRE-FLOP *** 
manggy94 calls 800
josh2525 folds
IraizeUfold calls 800
marjorie c folds
BIG-TONY.35 raises 2400 to 3200
nolhan59254 calls 35 and is all-in
manggy94 folds
IraizeUfold calls 2400
*** FLOP *** [2h 3d 9h]
BIG-TONY.35 bets 27559 and is all-in
IraizeUfold folds
*** TURN *** [2h 3d 9h][5d]
*** RIVER *** [2h 3d 9h 5d][5s]
*** SHOW DOWN ***
nolhan59254 shows [5h Jh] (Trips of 5)
BIG-TONY.35 shows [Ac Kh] (One pair : 5)
BIG-TONY.35 collected 32289 from side pot 1
nolhan59254 collected 3755 from main pot
*** SUMMARY ***
Total pot 36044 | No rake
Board: [2h 3d 9h 5d 5s]
Seat 2: BIG-TONY.35 (small blind) showed [Ac Kh] and won 32289 with One pair : 5
Seat 3: nolhan59254 (big blind) showed [5h Jh] and won 3755 with Trips of 5


Winamax Poker - Tournament "Hit&Run Ticket 10€" buyIn: 1,80€ + 0,20€ level: 10 - HandId: #684014816523714563-71-1464792337 - Holdem no limit (100/500/1000) - 2016/06/01 14:45:37 UTC
Table: 'Hit&Run Ticket 10€(159259610)#002' 6-max (real money) Seat #2 is the button
Seat 1: marjorie c (6744)
Seat 2: BIG-TONY.35 (32289)
Seat 3: nolhan59254 (3755)
Seat 4: manggy94 (14417)
Seat 6: IraizeUfold (12252)
*** ANTE/BLINDS ***
nolhan59254 posts ante 100
manggy94 posts ante 100
marjorie c posts ante 100
BIG-TONY.35 posts ante 100
IraizeUfold posts ante 100
nolhan59254 posts small blind 500
manggy94 posts big blind 1000
Dealt to manggy94 [3d 5h]
*** PRE-FLOP *** 
IraizeUfold folds
marjorie c folds
BIG-TONY.35 folds
nolhan59254 folds
manggy94 collected 2000 from pot
*** SUMMARY ***
Total pot 2000 | No rake
Seat 4: manggy94 (big blind) won 2000


Winamax Poker - Tournament "Hit&Run Ticket 10€" buyIn: 1,80€ + 0,20€ level: 10 - HandId: #684014816523714563-72-1464792365 - Holdem no limit (100/500/1000) - 2016/06/01 14:46:05 UTC
Table: 'Hit&Run Ticket 10€(159259610)#002' 6-max (real money) Seat #3 is the button
Seat 1: marjorie c (6644)
Seat 2: BIG-TONY.35 (32189)
Seat 3: nolhan59254 (3155)
Seat 4: manggy94 (15317)
Seat 6: IraizeUfold (12152)
*** ANTE/BLINDS ***
manggy94 posts ante 100
IraizeUfold posts ante 100
marjorie c posts ante 100
BIG-TONY.35 posts ante 100
nolhan59254 posts ante 100
manggy94 posts small blind 500
IraizeUfold posts big blind 1000
Dealt to manggy94 [5s Jc]
*** PRE-FLOP *** 
marjorie c folds
BIG-TONY.35 folds
nolhan59254 folds
manggy94 raises 2000 to 3000
IraizeUfold folds
manggy94 collected 4500 from pot
*** SUMMARY ***
Total pot 4500 | No rake
Seat 4: manggy94 (small blind) won 4500


Winamax Poker - Tournament "Hit&Run Ticket 10€" buyIn: 1,80€ + 0,20€ level: 10 - HandId: #684014816523714563-73-1464792419 - Holdem no limit (100/500/1000) - 2016/06/01 14:46:59 UTC
Table: 'Hit&Run Ticket 10€(159259610)#002' 6-max (real money) Seat #4 is the button
Seat 1: marjorie c (6544)
Seat 2: BIG-TONY.35 (32089)
Seat 3: nolhan59254 (3055)
Seat 4: manggy94 (16717)
Seat 5: Rasta-Bzh (18998)
Seat 6: IraizeUfold (11052)
*** ANTE/BLINDS ***
IraizeUfold posts ante 100
marjorie c posts ante 100
BIG-TONY.35 posts ante 100
nolhan59254 posts ante 100
manggy94 posts ante 100
IraizeUfold posts small blind 500
marjorie c posts big blind 1000
Dealt to manggy94 [8d Ac]
*** PRE-FLOP *** 
BIG-TONY.35 calls 1000
nolhan59254 folds
manggy94 calls 1000
IraizeUfold calls 500
marjorie c checks
*** FLOP *** [8c Kh Kc]
IraizeUfold checks
marjorie c checks
BIG-TONY.35 checks
manggy94 checks
*** TURN *** [8c Kh Kc][As]
IraizeUfold checks
marjorie c checks
BIG-TONY.35 checks
manggy94 bets 2250
IraizeUfold folds
marjorie c folds
BIG-TONY.35 folds
manggy94 collected 6750 from pot
*** SUMMARY ***
Total pot 6750 | No rake
Board: [8c Kh Kc As]
Seat 4: manggy94 (button) won 6750


Winamax Poker - Tournament "Hit&Run Ticket 10€" buyIn: 1,80€ + 0,20€ level: 10 - HandId: #684014816523714563-74-1464792551 - Holdem no limit (100/500/1000) - 2016/06/01 14:49:11 UTC
Table: 'Hit&Run Ticket 10€(159259610)#002' 6-max (real money) Seat #6 is the button
Seat 1: marjorie c (5444)
Seat 2: BIG-TONY.35 (30989)
Seat 3: nolhan59254 (2955)
Seat 4: manggy94 (20117)
Seat 5: Rasta-Bzh (18998)
Seat 6: IraizeUfold (9952)
*** ANTE/BLINDS ***
marjorie c posts ante 100
BIG-TONY.35 posts ante 100
nolhan59254 posts ante 100
manggy94 posts ante 100
Rasta-Bzh posts ante 100
IraizeUfold posts ante 100
marjorie c posts small blind 500
BIG-TONY.35 posts big blind 1000
Dealt to manggy94 [4c 9s]
*** PRE-FLOP *** 
nolhan59254 folds
manggy94 folds
Rasta-Bzh folds
IraizeUfold folds
marjorie c calls 500
BIG-TONY.35 checks
*** FLOP *** [Qs Kd 8s]
marjorie c checks
BIG-TONY.35 bets 1300
marjorie c folds
BIG-TONY.35 collected 3900 from pot
*** SUMMARY ***
Total pot 3900 | No rake
Board: [Qs Kd 8s]
Seat 2: BIG-TONY.35 (big blind) won 3900


Winamax Poker - Tournament "Hit&Run Ticket 10€" buyIn: 1,80€ + 0,20€ level: 10 - HandId: #684014816523714563-75-1464792607 - Holdem no limit (100/500/1000) - 2016/06/01 14:50:07 UTC
Table: 'Hit&Run Ticket 10€(159259610)#002' 6-max (real money) Seat #1 is the button
Seat 1: marjorie c (4344)
Seat 2: BIG-TONY.35 (32489)
Seat 3: nolhan59254 (2855)
Seat 4: manggy94 (20017)
Seat 5: Rasta-Bzh (18898)
Seat 6: IraizeUfold (9852)
*** ANTE/BLINDS ***
BIG-TONY.35 posts ante 100
nolhan59254 posts ante 100
marjorie c posts ante 100
manggy94 posts ante 100
Rasta-Bzh posts ante 100
IraizeUfold posts ante 100
BIG-TONY.35 posts small blind 500
nolhan59254 posts big blind 1000
Dealt to manggy94 [3d 9h]
*** PRE-FLOP *** 
manggy94 folds
Rasta-Bzh folds
IraizeUfold folds
marjorie c raises 3244 to 4244 and is all-in
BIG-TONY.35 folds
nolhan59254 calls 1755 and is all-in
*** FLOP *** [Th 7d 8c]
*** TURN *** [Th 7d 8c][Kc]
*** RIVER *** [Th 7d 8c Kc][9d]
*** SHOW DOWN ***
nolhan59254 shows [Jc 9c] (Straight Jack high)
marjorie c shows [Js Ts] (Straight Jack high)
marjorie c collected 4794 from side pot 1
nolhan59254 collected 3305 from main pot
*** SUMMARY ***
Total pot 8099 | No rake
Board: [Th 7d 8c Kc 9d]
Seat 1: marjorie c (button) showed [Js Ts] and won 4794 with Straight Jack high
Seat 3: nolhan59254 (big blind) showed [Jc 9c] and won 3305 with Straight Jack high


Winamax Poker - Tournament "Hit&Run Ticket 10€" buyIn: 1,80€ + 0,20€ level: 10 - HandId: #684014816523714563-76-1464792635 - Holdem no limit (100/500/1000) - 2016/06/01 14:50:35 UTC
Table: 'Hit&Run Ticket 10€(159259610)#002' 6-max (real money) Seat #2 is the button
Seat 1: marjorie c (4794)
Seat 2: BIG-TONY.35 (31889)
Seat 3: nolhan59254 (3305)
Seat 4: manggy94 (19917)
Seat 6: IraizeUfold (9752)
*** ANTE/BLINDS ***
nolhan59254 posts ante 100
manggy94 posts ante 100
marjorie c posts ante 100
BIG-TONY.35 posts ante 100
IraizeUfold posts ante 100
nolhan59254 posts small blind 500
manggy94 posts big blind 1000
Dealt to manggy94 [Th 9c]
*** PRE-FLOP *** 
IraizeUfold raises 8652 to 9652 and is all-in
marjorie c folds
BIG-TONY.35 folds
nolhan59254 folds
manggy94 folds
IraizeUfold collected 11652 from pot
*** SUMMARY ***
Total pot 11652 | No rake
Seat 6: IraizeUfold won 11652


Winamax Poker - Tournament "Hit&Run Ticket 10€" buyIn: 1,80€ + 0,20€ level: 11 - HandId: #684014816523714563-77-1464792674 - Holdem no limit (150/600/1200) - 2016/06/01 14:51:14 UTC
Table: 'Hit&Run Ticket 10€(159259610)#002' 6-max (real money) Seat #3 is the button
Seat 1: marjorie c (4694)
Seat 2: BIG-TONY.35 (31789)
Seat 3: nolhan59254 (2705)
Seat 4: manggy94 (18817)
Seat 6: IraizeUfold (11652)
*** ANTE/BLINDS ***
manggy94 posts ante 150
IraizeUfold posts ante 150
marjorie c posts ante 150
BIG-TONY.35 posts ante 150
nolhan59254 posts ante 150
manggy94 posts small blind 600
IraizeUfold posts big blind 1200
Dealt to manggy94 [Kc 6s]
*** PRE-FLOP *** 
marjorie c raises 3344 to 4544 and is all-in
BIG-TONY.35 folds
nolhan59254 calls 2555 and is all-in
manggy94 folds
IraizeUfold folds
*** FLOP *** [Qs 8c Qd]
*** TURN *** [Qs 8c Qd][4c]
*** RIVER *** [Qs 8c Qd 4c][Th]
*** SHOW DOWN ***
nolhan59254 shows [Ac Ad] (Two pairs : Aces and Queens)
marjorie c shows [Ts Ks] (Two pairs : Queens and Tens)
marjorie c collected 1989 from side pot 1
nolhan59254 collected 7660 from main pot
*** SUMMARY ***
Total pot 9649 | No rake
Board: [Qs 8c Qd 4c Th]
Seat 1: marjorie c showed [Ts Ks] and won 1989 with Two pairs : Queens and Tens
Seat 3: nolhan59254 (button) showed [Ac Ad] and won 7660 with Two pairs : Aces and Queens


Winamax Poker - Tournament "Hit&Run Ticket 10€" buyIn: 1,80€ + 0,20€ level: 11 - HandId: #684014816523714563-78-1464792709 - Holdem no limit (150/600/1200) - 2016/06/01 14:51:49 UTC
Table: 'Hit&Run Ticket 10€(159259610)#002' 6-max (real money) Seat #4 is the button
Seat 1: marjorie c (1989)
Seat 2: BIG-TONY.35 (31639)
Seat 3: nolhan59254 (7660)
Seat 4: manggy94 (18067)
Seat 6: IraizeUfold (10302)
*** ANTE/BLINDS ***
IraizeUfold posts ante 150
marjorie c posts ante 150
BIG-TONY.35 posts ante 150
nolhan59254 posts ante 150
manggy94 posts ante 150
IraizeUfold posts small blind 600
marjorie c posts big blind 1200
Dealt to manggy94 [7c 8s]
*** PRE-FLOP *** 
BIG-TONY.35 raises 2400 to 3600
nolhan59254 folds
manggy94 folds
IraizeUfold folds
marjorie c calls 639 and is all-in
*** FLOP *** [6h 4c Kc]
*** TURN *** [6h 4c Kc][Js]
*** RIVER *** [6h 4c Kc Js][Ah]
*** SHOW DOWN ***
marjorie c shows [7s 3s] (High card : Ace)
BIG-TONY.35 shows [7d 7h] (One pair : 7)
BIG-TONY.35 collected 6789 from pot
*** SUMMARY ***
Total pot 6789 | No rake
Board: [6h 4c Kc Js Ah]
Seat 1: marjorie c (big blind) showed [7s 3s] and lost with High card : Ace
Seat 2: BIG-TONY.35 showed [7d 7h] and won 6789 with One pair : 7


Winamax Poker - Tournament "Hit&Run Ticket 10€" buyIn: 1,80€ + 0,20€ level: 11 - HandId: #684014816523714563-79-1464792781 - Holdem no limit (150/600/1200) - 2016/06/01 14:53:01 UTC
Table: 'Hit&Run Ticket 10€(159259610)#002' 6-max (real money) Seat #6 is the button
Seat 1: FRANK6NISTRA (13024)
Seat 2: Chanell73 (27724)
Seat 3: manggy94 (17917)
Seat 4: IraizeUfold (9552)
Seat 5: Jerry Kan 22 (34504)
Seat 6: yzf77 (45622)
*** ANTE/BLINDS ***
FRANK6NISTRA posts ante 150
Chanell73 posts ante 150
manggy94 posts ante 150
IraizeUfold posts ante 150
Jerry Kan 22 posts ante 150
yzf77 posts ante 150
FRANK6NISTRA posts small blind 600
Chanell73 posts big blind 1200
Dealt to manggy94 [7h Ac]
*** PRE-FLOP *** 
manggy94 calls 1200
IraizeUfold raises 8202 to 9402 and is all-in
Jerry Kan 22 folds
yzf77 folds
FRANK6NISTRA folds
Chanell73 folds
manggy94 calls 8202
*** FLOP *** [5s 2s Kc]
*** TURN *** [5s 2s Kc][Ah]
*** RIVER *** [5s 2s Kc Ah][Tc]
*** SHOW DOWN ***
IraizeUfold shows [9d 9h] (One pair : 9)
manggy94 shows [7h Ac] (One pair : Aces)
manggy94 collected 21504 from pot
*** SUMMARY ***
Total pot 21504 | No rake
Board: [5s 2s Kc Ah Tc]
Seat 3: manggy94 showed [7h Ac] and won 21504 with One pair : Aces
Seat 4: IraizeUfold showed [9d 9h] and lost with One pair : 9


Winamax Poker - Tournament "Hit&Run Ticket 10€" buyIn: 1,80€ + 0,20€ level: 11 - HandId: #684014816523714563-80-1464792815 - Holdem no limit (150/600/1200) - 2016/06/01 14:53:35 UTC
Table: 'Hit&Run Ticket 10€(159259610)#002' 6-max (real money) Seat #1 is the button
Seat 1: FRANK6NISTRA (12274)
Seat 2: Chanell73 (26374)
Seat 3: manggy94 (29869)
Seat 5: Jerry Kan 22 (34354)
Seat 6: yzf77 (45472)
*** ANTE/BLINDS ***
Chanell73 posts ante 150
manggy94 posts ante 150
FRANK6NISTRA posts ante 150
Jerry Kan 22 posts ante 150
yzf77 posts ante 150
Chanell73 posts small blind 600
manggy94 posts big blind 1200
Dealt to manggy94 [6h Ts]
*** PRE-FLOP *** 
Jerry Kan 22 folds
yzf77 calls 1200
FRANK6NISTRA folds
Chanell73 raises 1200 to 2400
manggy94 folds
yzf77 calls 1200
*** FLOP *** [8s Tc 9d]
Chanell73 bets 3375
yzf77 folds
Chanell73 collected 10125 from pot
*** SUMMARY ***
Total pot 10125 | No rake
Board: [8s Tc 9d]
Seat 2: Chanell73 (small blind) won 10125


Winamax Poker - Tournament "Hit&Run Ticket 10€" buyIn: 1,80€ + 0,20€ level: 11 - HandId: #684014816523714563-81-1464792848 - Holdem no limit (150/600/1200) - 2016/06/01 14:54:08 UTC
Table: 'Hit&Run Ticket 10€(159259610)#002' 6-max (real money) Seat #2 is the button
Seat 1: FRANK6NISTRA (12124)
Seat 2: Chanell73 (30574)
Seat 3: manggy94 (28519)
Seat 5: Jerry Kan 22 (34204)
Seat 6: yzf77 (42922)
*** ANTE/BLINDS ***
manggy94 posts ante 150
Jerry Kan 22 posts ante 150
FRANK6NISTRA posts ante 150
Chanell73 posts ante 150
yzf77 posts ante 150
manggy94 posts small blind 600
Jerry Kan 22 posts big blind 1200
Dealt to manggy94 [Qs 6c]
*** PRE-FLOP *** 
yzf77 raises 1200 to 2400
FRANK6NISTRA folds
Chanell73 folds
manggy94 folds
Jerry Kan 22 calls 1200
*** FLOP *** [3s 5c 6s]
Jerry Kan 22 bets 4200
yzf77 calls 4200
*** TURN *** [3s 5c 6s][5s]
Jerry Kan 22 bets 4200
yzf77 folds
Jerry Kan 22 collected 18750 from pot
*** SUMMARY ***
Total pot 18750 | No rake
Board: [3s 5c 6s 5s]
Seat 5: Jerry Kan 22 (big blind) won 18750


Winamax Poker - Tournament "Hit&Run Ticket 10€" buyIn: 1,80€ + 0,20€ level: 11 - HandId: #684014816523714563-82-1464792889 - Holdem no limit (150/600/1200) - 2016/06/01 14:54:49 UTC
Table: 'Hit&Run Ticket 10€(159259610)#002' 6-max (real money) Seat #3 is the button
Seat 1: FRANK6NISTRA (11974)
Seat 2: Chanell73 (30424)
Seat 3: manggy94 (27769)
Seat 5: Jerry Kan 22 (42004)
Seat 6: yzf77 (36172)
*** ANTE/BLINDS ***
Jerry Kan 22 posts ante 150
yzf77 posts ante 150
FRANK6NISTRA posts ante 150
Chanell73 posts ante 150
manggy94 posts ante 150
Jerry Kan 22 posts small blind 600
yzf77 posts big blind 1200
Dealt to manggy94 [Jh 2c]
*** PRE-FLOP *** 
FRANK6NISTRA folds
Chanell73 folds
manggy94 folds
Jerry Kan 22 folds
yzf77 collected 2550 from pot
*** SUMMARY ***
Total pot 2550 | No rake
Seat 6: yzf77 (big blind) won 2550


Winamax Poker - Tournament "Hit&Run Ticket 10€" buyIn: 1,80€ + 0,20€ level: 11 - HandId: #684014816523714563-83-1464793201 - Holdem no limit (150/600/1200) - 2016/06/01 15:00:01 UTC
Table: 'Hit&Run Ticket 10€(159259610)#002' 6-max (real money) Seat #5 is the button
Seat 1: FRANK6NISTRA (13078)
Seat 2: Chanell73 (31527)
Seat 3: manggy94 (28872)
Seat 5: Jerry Kan 22 (42507)
Seat 6: yzf77 (38625)
*** ANTE/BLINDS ***
yzf77 posts ante 150
FRANK6NISTRA posts ante 150
Chanell73 posts ante 150
manggy94 posts ante 150
Jerry Kan 22 posts ante 150
yzf77 posts small blind 600
FRANK6NISTRA posts big blind 1200
Dealt to manggy94 [As 7s]
*** PRE-FLOP *** 
Chanell73 raises 1200 to 2400
manggy94 calls 2400
Jerry Kan 22 folds
yzf77 folds
FRANK6NISTRA raises 10528 to 12928 and is all-in
Chanell73 raises 18449 to 31377 and is all-in
manggy94 folds
*** FLOP *** [Qd Qs 9d]
*** TURN *** [Qd Qs 9d][Ks]
*** RIVER *** [Qd Qs 9d Ks][8d]
*** SHOW DOWN ***
FRANK6NISTRA shows [4d 4s] (Two pairs : Queens and 4)
Chanell73 shows [Jc Ah] (One pair : Queens)
Chanell73 collected 18449 from side pot 1
FRANK6NISTRA collected 29606 from main pot
*** SUMMARY ***
Total pot 48055 | No rake
Board: [Qd Qs 9d Ks 8d]
Seat 1: FRANK6NISTRA (big blind) showed [4d 4s] and won 29606 with Two pairs : Queens and 4
Seat 2: Chanell73 showed [Jc Ah] and won 18449 with One pair : Queens


Winamax Poker - Tournament "Hit&Run Ticket 10€" buyIn: 1,80€ + 0,20€ level: 11 - HandId: #684014816523714563-84-1464793310 - Holdem no limit (150/600/1200) - 2016/06/01 15:01:50 UTC
Table: 'Hit&Run Ticket 10€(159259610)#002' 6-max (real money) Seat #6 is the button
Seat 1: FRANK6NISTRA (29606)
Seat 2: Chanell73 (18449)
Seat 3: manggy94 (26322)
Seat 5: Jerry Kan 22 (42357)
Seat 6: yzf77 (37875)
*** ANTE/BLINDS ***
FRANK6NISTRA posts ante 150
Chanell73 posts ante 150
manggy94 posts ante 150
Jerry Kan 22 posts ante 150
yzf77 posts ante 150
FRANK6NISTRA posts small blind 600
Chanell73 posts big blind 1200
Dealt to manggy94 [7h Tc]
*** PRE-FLOP *** 
manggy94 folds
Jerry Kan 22 folds
yzf77 raises 36525 to 37725 and is all-in
FRANK6NISTRA calls 28856 and is all-in
Chanell73 folds
*** FLOP *** [Jd 4s Qh]
*** TURN *** [Jd 4s Qh][4d]
*** RIVER *** [Jd 4s Qh 4d][8d]
*** SHOW DOWN ***
FRANK6NISTRA shows [6c 6h] (Two pairs : 6 and 4)
yzf77 shows [2h 2d] (Two pairs : 4 and 2)
yzf77 collected 8269 from side pot 1
FRANK6NISTRA collected 60862 from main pot
*** SUMMARY ***
Total pot 69131 | No rake
Board: [Jd 4s Qh 4d 8d]
Seat 1: FRANK6NISTRA (small blind) showed [6c 6h] and won 60862 with Two pairs : 6 and 4
Seat 6: yzf77 (button) showed [2h 2d] and won 8269 with Two pairs : 4 and 2


Winamax Poker - Tournament "Hit&Run Ticket 10€" buyIn: 1,80€ + 0,20€ level: 12 - HandId: #684014816523714563-85-1464793420 - Holdem no limit (180/800/1600) - 2016/06/01 15:03:40 UTC
Table: 'Hit&Run Ticket 10€(159259610)#002' 6-max (real money) Seat #1 is the button
Seat 2: Chanell73 (17916)
Seat 3: manggy94 (26989)
Seat 5: Jerry Kan 22 (43023)
Seat 6: yzf77 (9087)
*** ANTE/BLINDS ***
Chanell73 posts ante 180
manggy94 posts ante 180
Jerry Kan 22 posts ante 180
yzf77 posts ante 180
Chanell73 posts small blind 800
manggy94 posts big blind 1600
Dealt to manggy94 [5s Qc]
*** PRE-FLOP *** 
Jerry Kan 22 raises 2400 to 4000
yzf77 folds
Chanell73 folds
manggy94 folds
Jerry Kan 22 collected 7120 from pot
*** SUMMARY ***
Total pot 7120 | No rake
Seat 5: Jerry Kan 22 won 7120


Winamax Poker - Tournament "Hit&Run Ticket 10€" buyIn: 1,80€ + 0,20€ level: 12 - HandId: #684014816523714563-86-1464793449 - Holdem no limit (180/800/1600) - 2016/06/01 15:04:09 UTC
Table: 'Hit&Run Ticket 10€(159259610)#002' 6-max (real money) Seat #2 is the button
Seat 2: Chanell73 (16936)
Seat 3: manggy94 (25209)
Seat 5: Jerry Kan 22 (45963)
Seat 6: yzf77 (8907)
*** ANTE/BLINDS ***
manggy94 posts ante 180
Jerry Kan 22 posts ante 180
Chanell73 posts ante 180
yzf77 posts ante 180
manggy94 posts small blind 800
Jerry Kan 22 posts big blind 1600
Dealt to manggy94 [4c 2d]
*** PRE-FLOP *** 
yzf77 raises 7127 to 8727 and is all-in
Chanell73 folds
manggy94 folds
Jerry Kan 22 folds
yzf77 collected 11847 from pot
*** SUMMARY ***
Total pot 11847 | No rake
Seat 6: yzf77 won 11847


Winamax Poker - Tournament "Hit&Run Ticket 10€" buyIn: 1,80€ + 0,20€ level: 12 - HandId: #684014816523714562-105-1464793474 - Holdem no limit (180/800/1600) - 2016/06/01 15:04:34 UTC
Table: 'Hit&Run Ticket 10€(159259610)#001' 6-max (real money) Seat #4 is the button
Seat 2: manggy94 (28380)
Seat 3: Rasta-Bzh (17659)
Seat 5: terminator28 (18412)
Seat 6: Jerry Kan 22 (48334)
*** ANTE/BLINDS ***
terminator28 posts ante 180
Jerry Kan 22 posts ante 180
manggy94 posts ante 180
Rasta-Bzh posts ante 180
terminator28 posts small blind 800
Jerry Kan 22 posts big blind 1600
Dealt to manggy94 [Ah 9h]
*** PRE-FLOP *** 
manggy94 raises 1600 to 3200
Rasta-Bzh raises 14279 to 17479 and is all-in
terminator28 folds
Jerry Kan 22 folds
manggy94 calls 14279
*** FLOP *** [Tc 9d 3d]
*** TURN *** [Tc 9d 3d][2c]
*** RIVER *** [Tc 9d 3d 2c][Kh]
*** SHOW DOWN ***
manggy94 shows [Ah 9h] (One pair : 9)
Rasta-Bzh shows [Ad Kd] (One pair : Kings)
Rasta-Bzh collected 38078 from pot
*** SUMMARY ***
Total pot 38078 | No rake
Board: [Tc 9d 3d 2c Kh]
Seat 2: manggy94 showed [Ah 9h] and lost with One pair : 9
Seat 3: Rasta-Bzh showed [Ad Kd] and won 38078 with One pair : Kings


Winamax Poker - Tournament "Hit&Run Ticket 10€" buyIn: 1,80€ + 0,20€ level: 12 - HandId: #684014816523714562-106-1464793498 - Holdem no limit (180/800/1600) - 2016/06/01 15:04:58 UTC
Table: 'Hit&Run Ticket 10€(159259610)#001' 6-max (real money) Seat #5 is the button
Seat 2: manggy94 (10721)
Seat 3: Rasta-Bzh (38078)
Seat 5: terminator28 (17432)
Seat 6: Jerry Kan 22 (46554)
*** ANTE/BLINDS ***
Jerry Kan 22 posts ante 180
manggy94 posts ante 180
Rasta-Bzh posts ante 180
terminator28 posts ante 180
Jerry Kan 22 posts small blind 800
manggy94 posts big blind 1600
Dealt to manggy94 [2s 5c]
*** PRE-FLOP *** 
Rasta-Bzh folds
terminator28 folds
Jerry Kan 22 raises 44774 to 46374 and is all-in
manggy94 folds
Jerry Kan 22 collected 48694 from pot
*** SUMMARY ***
Total pot 48694 | No rake
Seat 6: Jerry Kan 22 (small blind) won 48694


Winamax Poker - Tournament "Hit&Run Ticket 10€" buyIn: 1,80€ + 0,20€ level: 12 - HandId: #684014816523714562-107-1464793510 - Holdem no limit (180/800/1600) - 2016/06/01 15:05:10 UTC
Table: 'Hit&Run Ticket 10€(159259610)#001' 6-max (real money) Seat #6 is the button
Seat 2: manggy94 (8941)
Seat 3: Rasta-Bzh (37898)
Seat 5: terminator28 (17252)
Seat 6: Jerry Kan 22 (48694)
*** ANTE/BLINDS ***
manggy94 posts ante 180
Rasta-Bzh posts ante 180
terminator28 posts ante 180
Jerry Kan 22 posts ante 180
manggy94 posts small blind 800
Rasta-Bzh posts big blind 1600
Dealt to manggy94 [5h 7s]
*** PRE-FLOP *** 
terminator28 folds
Jerry Kan 22 raises 2400 to 4000
manggy94 folds
Rasta-Bzh folds
Jerry Kan 22 collected 7120 from pot
*** SUMMARY ***
Total pot 7120 | No rake
Seat 6: Jerry Kan 22 (button) won 7120


Winamax Poker - Tournament "Hit&Run Ticket 10€" buyIn: 1,80€ + 0,20€ level: 12 - HandId: #684014816523714562-108-1464793548 - Holdem no limit (180/800/1600) - 2016/06/01 15:05:48 UTC
Table: 'Hit&Run Ticket 10€(159259610)#001' 5-max (real money) Seat #2 is the button
Seat 2: manggy94 (8165)
Seat 3: Rasta-Bzh (36322)
Seat 5: terminator28 (17276)
*** ANTE/BLINDS ***
Rasta-Bzh posts ante 180
terminator28 posts ante 180
manggy94 posts ante 180
Rasta-Bzh posts small blind 800
terminator28 posts big blind 1600
Dealt to manggy94 [9d Js]
*** PRE-FLOP *** 
manggy94 raises 6385 to 7985 and is all-in
Rasta-Bzh calls 7185
terminator28 folds
*** FLOP *** [Qh 7s Td]
*** TURN *** [Qh 7s Td][3s]
*** RIVER *** [Qh 7s Td 3s][Ac]
*** SHOW DOWN ***
manggy94 shows [9d Js] (High card : Ace)
Rasta-Bzh shows [Ad 4d] (One pair : Aces)
Rasta-Bzh collected 18110 from pot
*** SUMMARY ***
Total pot 18110 | No rake
Board: [Qh 7s Td 3s Ac]
Seat 2: manggy94 (button) showed [9d Js] and lost with High card : Ace
Seat 3: Rasta-Bzh (small blind) showed [Ad 4d] and won 18110 with One pair : Aces


