Winamax Poker - Tournament "MiniRoll" buyIn: 0,22€ + 0,03€ level: 2 - HandId: #633932843562565654-2-1455707015 - Holdem no limit (75/150) - 2016/02/17 11:03:35 UTC
Table: 'MiniRoll(147598992)#021' 8-max (real money) Seat #2 is the button
Seat 1: Kelly2409 (10000)
Seat 2: astrolab9 (14725)
Seat 3: Jomarpe (5275)
Seat 4: manggy94 (10000)
Seat 5: Gilpat91 (10000)
Seat 6: maeto33 (10000)
Seat 7: angelique 59 (10000)
Seat 8: Harter97 (10200)
*** ANTE/BLINDS ***
astrolab9 posts small blind 75
Jomarpe posts big blind 150
*** PRE-FLOP *** 
astrolab9 folds
Jomarpe collected 225 from pot
*** SUMMARY ***
Total pot 225 | No rake
Seat 3: Jomarpe (big blind) won 225


Winamax Poker - Tournament "MiniRoll" buyIn: 0,22€ + 0,03€ level: 2 - HandId: #633932843562565654-3-1455707021 - Holdem no limit (75/150) - 2016/02/17 11:03:41 UTC
Table: 'MiniRoll(147598992)#021' 8-max (real money) Seat #2 is the button
Seat 1: Kelly2409 (10000)
Seat 2: astrolab9 (14650)
Seat 3: Jomarpe (5350)
Seat 4: manggy94 (10000)
Seat 5: Gilpat91 (10000)
Seat 6: maeto33 (10000)
Seat 7: angelique 59 (10000)
Seat 8: Harter97 (10200)
*** ANTE/BLINDS ***
Jomarpe posts small blind 75
manggy94 posts big blind 150
Dealt to manggy94 [4s 8d]
*** PRE-FLOP *** 
Gilpat91 calls 150
maeto33 raises 300 to 450
angelique 59 calls 450
Harter97 calls 450
Kelly2409 folds
astrolab9 folds
Jomarpe calls 375
manggy94 folds
Gilpat91 calls 300
*** FLOP *** [Kc 7h Ts]
Jomarpe bets 2400
Gilpat91 folds
maeto33 raises 7150 to 9550 and is all-in
angelique 59 calls 9550 and is all-in
Harter97 folds
Jomarpe calls 2500 and is all-in
*** TURN *** [Kc 7h Ts][2d]
*** RIVER *** [Kc 7h Ts 2d][2h]
*** SHOW DOWN ***
Jomarpe shows [Jc Qs] (One pair : 2)
maeto33 shows [Kd 5d] (Two pairs : Kings and 2)
angelique 59 shows [Ks Ad] (Two pairs : Kings and 2)
angelique 59 collected 26400 from pot
*** SUMMARY ***
Total pot 26400 | No rake
Board: [Kc 7h Ts 2d 2h]
Seat 3: Jomarpe (small blind) showed [Jc Qs] and lost with One pair : 2
Seat 6: maeto33 showed [Kd 5d] and lost with Two pairs : Kings and 2
Seat 7: angelique 59 showed [Ks Ad] and won 26400 with Two pairs : Kings and 2


Winamax Poker - Tournament "MiniRoll" buyIn: 0,22€ + 0,03€ level: 2 - HandId: #633932843562565654-4-1455707091 - Holdem no limit (75/150) - 2016/02/17 11:04:51 UTC
Table: 'MiniRoll(147598992)#021' 8-max (real money) Seat #3 is the button
Seat 1: Kelly2409 (10000)
Seat 2: astrolab9 (14650)
Seat 4: manggy94 (9850)
Seat 5: Gilpat91 (9550)
Seat 7: angelique 59 (26400)
Seat 8: Harter97 (9750)
*** ANTE/BLINDS ***
manggy94 posts small blind 75
Gilpat91 posts big blind 150
Dealt to manggy94 [6d 2d]
*** PRE-FLOP *** 
angelique 59 folds
Harter97 calls 150
Kelly2409 folds
astrolab9 calls 150
manggy94 calls 75
Gilpat91 checks
*** FLOP *** [6h 8s Qh]
manggy94 bets 150
Gilpat91 calls 150
Harter97 folds
astrolab9 folds
*** TURN *** [6h 8s Qh][3c]
manggy94 checks
Gilpat91 checks
*** RIVER *** [6h 8s Qh 3c][6s]
manggy94 bets 2250
Gilpat91 folds
manggy94 collected 3150 from pot
*** SUMMARY ***
Total pot 3150 | No rake
Board: [6h 8s Qh 3c 6s]
Seat 4: manggy94 (small blind) won 3150


Winamax Poker - Tournament "MiniRoll" buyIn: 0,22€ + 0,03€ level: 2 - HandId: #633932843562565654-5-1455707143 - Holdem no limit (75/150) - 2016/02/17 11:05:43 UTC
Table: 'MiniRoll(147598992)#021' 8-max (real money) Seat #4 is the button
Seat 1: Kelly2409 (10000)
Seat 2: astrolab9 (14500)
Seat 3: mac ash blof (10000)
Seat 4: manggy94 (10450)
Seat 5: Gilpat91 (9250)
Seat 6: baste 09 (10375)
Seat 7: angelique 59 (26400)
Seat 8: Harter97 (9600)
*** ANTE/BLINDS ***
Gilpat91 posts small blind 75
baste 09 posts big blind 150
Dealt to manggy94 [5s 6h]
*** PRE-FLOP *** 
angelique 59 calls 150
Harter97 raises 150 to 300
Kelly2409 calls 300
astrolab9 folds
mac ash blof folds
manggy94 folds
Gilpat91 calls 225
baste 09 folds
angelique 59 calls 150
*** FLOP *** [5d 4s Ah]
Gilpat91 bets 150
angelique 59 calls 150
Harter97 calls 150
Kelly2409 raises 1950 to 2100
Gilpat91 folds
angelique 59 calls 1950
Harter97 folds
*** TURN *** [5d 4s Ah][2d]
angelique 59 checks
Kelly2409 bets 7600 and is all-in
angelique 59 folds
Kelly2409 collected 13450 from pot
*** SUMMARY ***
Total pot 13450 | No rake
Board: [5d 4s Ah 2d]
Seat 1: Kelly2409 won 13450


Winamax Poker - Tournament "MiniRoll" buyIn: 0,22€ + 0,03€ level: 2 - HandId: #633932843562565654-6-1455707235 - Holdem no limit (75/150) - 2016/02/17 11:07:15 UTC
Table: 'MiniRoll(147598992)#021' 8-max (real money) Seat #5 is the button
Seat 1: Kelly2409 (13450)
Seat 2: astrolab9 (14500)
Seat 3: mac ash blof (10000)
Seat 4: manggy94 (10450)
Seat 5: Gilpat91 (8800)
Seat 6: baste 09 (10225)
Seat 7: angelique 59 (24000)
*** ANTE/BLINDS ***
baste 09 posts small blind 75
angelique 59 posts big blind 150
Dealt to manggy94 [4s Qh]
*** PRE-FLOP *** 
Kelly2409 raises 600 to 750
astrolab9 folds
mac ash blof folds
manggy94 folds
Gilpat91 calls 750
baste 09 folds
angelique 59 calls 600
*** FLOP *** [As Ad 2c]
angelique 59 checks
Kelly2409 bets 150
Gilpat91 folds
angelique 59 calls 150
*** TURN *** [As Ad 2c][4h]
angelique 59 checks
Kelly2409 bets 1313
angelique 59 folds
Kelly2409 collected 3938 from pot
*** SUMMARY ***
Total pot 3938 | No rake
Board: [As Ad 2c 4h]
Seat 1: Kelly2409 won 3938


Winamax Poker - Tournament "MiniRoll" buyIn: 0,22€ + 0,03€ level: 3 - HandId: #633932843562565654-7-1455707291 - Holdem no limit (100/200) - 2016/02/17 11:08:11 UTC
Table: 'MiniRoll(147598992)#021' 8-max (real money) Seat #6 is the button
Seat 2: astrolab9 (14500)
Seat 3: mac ash blof (10000)
Seat 4: manggy94 (10450)
Seat 5: Gilpat91 (8050)
Seat 6: baste 09 (10150)
Seat 7: angelique 59 (23100)
Seat 8: denis57070 (10000)
*** ANTE/BLINDS ***
angelique 59 posts small blind 100
denis57070 posts big blind 200
Dealt to manggy94 [Td 3d]
*** PRE-FLOP *** 
astrolab9 folds
mac ash blof folds
manggy94 calls 200
Gilpat91 calls 200
baste 09 folds
angelique 59 calls 100
denis57070 raises 9800 to 10000 and is all-in
manggy94 folds
Gilpat91 folds
angelique 59 folds
denis57070 collected 10600 from pot
*** SUMMARY ***
Total pot 10600 | No rake
Seat 8: denis57070 (big blind) won 10600


Winamax Poker - Tournament "MiniRoll" buyIn: 0,22€ + 0,03€ level: 3 - HandId: #633932843562565654-8-1455707342 - Holdem no limit (100/200) - 2016/02/17 11:09:02 UTC
Table: 'MiniRoll(147598992)#021' 8-max (real money) Seat #7 is the button
Seat 1: CutsM19 (10000)
Seat 2: astrolab9 (14500)
Seat 3: mac ash blof (10000)
Seat 4: manggy94 (10250)
Seat 5: Gilpat91 (7850)
Seat 6: baste 09 (10150)
Seat 7: angelique 59 (22900)
Seat 8: denis57070 (10600)
*** ANTE/BLINDS ***
denis57070 posts small blind 100
CutsM19 posts big blind 200
Dealt to manggy94 [7h 5c]
*** PRE-FLOP *** 
astrolab9 calls 200
mac ash blof folds
manggy94 folds
Gilpat91 folds
baste 09 folds
angelique 59 folds
denis57070 folds
CutsM19 checks
*** FLOP *** [Qc 5h 8c]
CutsM19 checks
astrolab9 checks
*** TURN *** [Qc 5h 8c][8s]
CutsM19 bets 250
astrolab9 calls 250
*** RIVER *** [Qc 5h 8c 8s][Td]
CutsM19 checks
astrolab9 checks
*** SHOW DOWN ***
CutsM19 shows [6h 4h] (One pair : 8)
astrolab9 shows [Ks Ac] (One pair : 8)
astrolab9 collected 1000 from pot
*** SUMMARY ***
Total pot 1000 | No rake
Board: [Qc 5h 8c 8s Td]
Seat 1: CutsM19 (big blind) showed [6h 4h] and lost with One pair : 8
Seat 2: astrolab9 showed [Ks Ac] and won 1000 with One pair : 8


Winamax Poker - Tournament "MiniRoll" buyIn: 0,22€ + 0,03€ level: 3 - HandId: #633932843562565654-9-1455707391 - Holdem no limit (100/200) - 2016/02/17 11:09:51 UTC
Table: 'MiniRoll(147598992)#021' 8-max (real money) Seat #8 is the button
Seat 1: CutsM19 (9550)
Seat 2: astrolab9 (15050)
Seat 3: mac ash blof (10000)
Seat 4: manggy94 (10250)
Seat 5: Gilpat91 (7850)
Seat 6: baste 09 (10150)
Seat 7: angelique 59 (22900)
Seat 8: denis57070 (10500)
*** ANTE/BLINDS ***
CutsM19 posts small blind 100
astrolab9 posts big blind 200
Dealt to manggy94 [Kc Jd]
*** PRE-FLOP *** 
mac ash blof folds
manggy94 raises 400 to 600
Gilpat91 folds
baste 09 folds
angelique 59 folds
denis57070 folds
CutsM19 folds
astrolab9 folds
manggy94 collected 900 from pot
*** SUMMARY ***
Total pot 900 | No rake
Seat 4: manggy94 won 900


Winamax Poker - Tournament "MiniRoll" buyIn: 0,22€ + 0,03€ level: 3 - HandId: #633932843562565658-1-1455707426 - Holdem no limit (100/200) - 2016/02/17 11:10:26 UTC
Table: 'MiniRoll(147598992)#025' 8-max (real money) Seat #7 is the button
Seat 3: manggy94 (10550)
Seat 7: SnaP-call me (10000)
Seat 8: Cobra777 (10000)
*** ANTE/BLINDS ***
Cobra777 posts small blind 100
manggy94 posts big blind 200
Dealt to manggy94 [8s 9h]
*** PRE-FLOP *** 
SnaP-call me raises 9800 to 10000 and is all-in
Cobra777 folds
manggy94 folds
SnaP-call me collected 10300 from pot
*** SUMMARY ***
Total pot 10300 | No rake
Seat 7: SnaP-call me (button) won 10300


Winamax Poker - Tournament "MiniRoll" buyIn: 0,22€ + 0,03€ level: 3 - HandId: #633932843562565658-2-1455707450 - Holdem no limit (100/200) - 2016/02/17 11:10:50 UTC
Table: 'MiniRoll(147598992)#025' 8-max (real money) Seat #8 is the button
Seat 3: manggy94 (10350)
Seat 7: SnaP-call me (10300)
Seat 8: Cobra777 (9900)
*** ANTE/BLINDS ***
manggy94 posts small blind 100
SnaP-call me posts big blind 200
Dealt to manggy94 [4d 6c]
*** PRE-FLOP *** 
Cobra777 calls 200
manggy94 folds
SnaP-call me checks
*** FLOP *** [Js 3c Jc]
SnaP-call me checks
Cobra777 bets 200
SnaP-call me calls 200
*** TURN *** [Js 3c Jc][Kd]
SnaP-call me bets 450
Cobra777 folds
SnaP-call me collected 1350 from pot
*** SUMMARY ***
Total pot 1350 | No rake
Board: [Js 3c Jc Kd]
Seat 7: SnaP-call me (big blind) won 1350


Winamax Poker - Tournament "MiniRoll" buyIn: 0,22€ + 0,03€ level: 3 - HandId: #633932843562565658-3-1455707489 - Holdem no limit (100/200) - 2016/02/17 11:11:29 UTC
Table: 'MiniRoll(147598992)#025' 8-max (real money) Seat #3 is the button
Seat 1: 777rls77 (10000)
Seat 3: manggy94 (10250)
Seat 4: trema29 (10000)
Seat 5: Guigui-Nomec (10000)
Seat 6: envoilepeze (10000)
Seat 7: SnaP-call me (10800)
Seat 8: Cobra777 (9500)
*** ANTE/BLINDS ***
SnaP-call me posts small blind 100
Cobra777 posts big blind 200
Dealt to manggy94 [3h 4h]
*** PRE-FLOP *** 
777rls77 calls 200
manggy94 calls 200
SnaP-call me folds
Cobra777 checks
*** FLOP *** [Qc 5h Kd]
Cobra777 checks
777rls77 checks
manggy94 bets 700
Cobra777 calls 700
777rls77 folds
*** TURN *** [Qc 5h Kd][3d]
Cobra777 checks
manggy94 checks
*** RIVER *** [Qc 5h Kd 3d][4c]
Cobra777 bets 2100
manggy94 raises 6300 to 8400
Cobra777 raises 200 to 8600 and is all-in
manggy94 calls 200
*** SHOW DOWN ***
manggy94 shows [3h 4h] (Two pairs : 4 and 3)
Cobra777 shows [Qh 5d] (Two pairs : Queens and 5)
Cobra777 collected 19300 from pot
*** SUMMARY ***
Total pot 19300 | No rake
Board: [Qc 5h Kd 3d 4c]
Seat 3: manggy94 (button) showed [3h 4h] and lost with Two pairs : 4 and 3
Seat 8: Cobra777 (big blind) showed [Qh 5d] and won 19300 with Two pairs : Queens and 5


Winamax Poker - Tournament "MiniRoll" buyIn: 0,22€ + 0,03€ level: 3 - HandId: #633932843562565658-4-1455707555 - Holdem no limit (100/200) - 2016/02/17 11:12:35 UTC
Table: 'MiniRoll(147598992)#025' 8-max (real money) Seat #7 is the button
Seat 1: 777rls77 (9800)
Seat 3: manggy94 (750)
Seat 4: trema29 (10000)
Seat 5: Guigui-Nomec (10000)
Seat 6: envoilepeze (10000)
Seat 7: SnaP-call me (10700)
Seat 8: Cobra777 (19300)
*** ANTE/BLINDS ***
Cobra777 posts small blind 100
777rls77 posts big blind 200
Dealt to manggy94 [Kc 6d]
*** PRE-FLOP *** 
manggy94 raises 550 to 750 and is all-in
trema29 calls 750
Guigui-Nomec folds
envoilepeze raises 9250 to 10000 and is all-in
SnaP-call me folds
Cobra777 folds
777rls77 folds
trema29 calls 9250 and is all-in
*** FLOP *** [Ts Kh 7d]
*** TURN *** [Ts Kh 7d][4s]
*** RIVER *** [Ts Kh 7d 4s][Ks]
*** SHOW DOWN ***
envoilepeze shows [Jc Ad] (One pair : Kings)
manggy94 shows [Kc 6d] (Trips of Kings)
trema29 shows [Qc 7h] (Two pairs : Kings and 7)
trema29 collected 18500 from side pot 1
manggy94 collected 2550 from main pot
*** SUMMARY ***
Total pot 21050 | No rake
Board: [Ts Kh 7d 4s Ks]
Seat 3: manggy94 showed [Kc 6d] and won 2550 with Trips of Kings
Seat 4: trema29 showed [Qc 7h] and won 18500 with Two pairs : Kings and 7
Seat 6: envoilepeze showed [Jc Ad] and lost with One pair : Kings


Winamax Poker - Tournament "MiniRoll" buyIn: 0,22€ + 0,03€ level: 3 - HandId: #633932843562565658-5-1455707594 - Holdem no limit (100/200) - 2016/02/17 11:13:14 UTC
Table: 'MiniRoll(147598992)#025' 8-max (real money) Seat #8 is the button
Seat 1: 777rls77 (9600)
Seat 2: EnfantduJeu (10000)
Seat 3: manggy94 (2550)
Seat 4: trema29 (18500)
Seat 5: Guigui-Nomec (10000)
Seat 7: SnaP-call me (10700)
Seat 8: Cobra777 (19200)
*** ANTE/BLINDS ***
777rls77 posts small blind 100
EnfantduJeu posts big blind 200
Dealt to manggy94 [9c 5d]
*** PRE-FLOP *** 
manggy94 folds
trema29 folds
Guigui-Nomec folds
SnaP-call me folds
Cobra777 folds
777rls77 calls 100
EnfantduJeu checks
*** FLOP *** [Ac Jd 5c]
777rls77 bets 200
EnfantduJeu folds
777rls77 collected 600 from pot
*** SUMMARY ***
Total pot 600 | No rake
Board: [Ac Jd 5c]
Seat 1: 777rls77 (small blind) won 600


Winamax Poker - Tournament "MiniRoll" buyIn: 0,22€ + 0,03€ level: 4 - HandId: #633932843562565658-6-1455707642 - Holdem no limit (150/300) - 2016/02/17 11:14:02 UTC
Table: 'MiniRoll(147598992)#025' 8-max (real money) Seat #1 is the button
Seat 1: 777rls77 (9800)
Seat 2: EnfantduJeu (9800)
Seat 3: manggy94 (2550)
Seat 4: trema29 (18500)
Seat 5: Guigui-Nomec (10000)
Seat 6: Toutenvie (10000)
Seat 7: SnaP-call me (10700)
Seat 8: Cobra777 (19200)
*** ANTE/BLINDS ***
EnfantduJeu posts small blind 150
manggy94 posts big blind 300
Dealt to manggy94 [6h 9c]
*** PRE-FLOP *** 
trema29 raises 300 to 600
Guigui-Nomec folds
Toutenvie folds
SnaP-call me raises 965 to 1565
Cobra777 folds
777rls77 folds
EnfantduJeu folds
manggy94 folds
trema29 calls 965
*** FLOP *** [Th Jd Qh]
trema29 bets 1790
SnaP-call me raises 7345 to 9135 and is all-in
trema29 calls 7345
*** TURN *** [Th Jd Qh][Kc]
*** RIVER *** [Th Jd Qh Kc][Jh]
*** SHOW DOWN ***
SnaP-call me shows [Kh 5d] (Two pairs : Kings and Jacks)
trema29 shows [Ac Td] (Straight Ace high)
trema29 collected 21850 from pot
*** SUMMARY ***
Total pot 21850 | No rake
Board: [Th Jd Qh Kc Jh]
Seat 4: trema29 showed [Ac Td] and won 21850 with Straight Ace high
Seat 7: SnaP-call me showed [Kh 5d] and lost with Two pairs : Kings and Jacks


Winamax Poker - Tournament "MiniRoll" buyIn: 0,22€ + 0,03€ level: 4 - HandId: #633932843562565658-7-1455707710 - Holdem no limit (150/300) - 2016/02/17 11:15:10 UTC
Table: 'MiniRoll(147598992)#025' 8-max (real money) Seat #2 is the button
Seat 1: 777rls77 (9800)
Seat 2: EnfantduJeu (9650)
Seat 3: manggy94 (2250)
Seat 4: trema29 (29650)
Seat 5: Guigui-Nomec (10000)
Seat 6: Toutenvie (10000)
Seat 8: Cobra777 (19200)
*** ANTE/BLINDS ***
manggy94 posts small blind 150
trema29 posts big blind 300
Dealt to manggy94 [2h 7c]
*** PRE-FLOP *** 
Guigui-Nomec folds
Toutenvie calls 300
Cobra777 raises 300 to 600
777rls77 calls 600
EnfantduJeu folds
manggy94 folds
trema29 raises 1200 to 1800
Toutenvie folds
Cobra777 raises 17400 to 19200 and is all-in
777rls77 folds
trema29 calls 17400
*** FLOP *** [2d 4s 6d]
*** TURN *** [2d 4s 6d][3s]
*** RIVER *** [2d 4s 6d 3s][3d]
*** SHOW DOWN ***
trema29 shows [Qc Qh] (Two pairs : Queens and 3)
Cobra777 shows [Ac As] (Two pairs : Aces and 3)
Cobra777 collected 39450 from pot
*** SUMMARY ***
Total pot 39450 | No rake
Board: [2d 4s 6d 3s 3d]
Seat 4: trema29 (big blind) showed [Qc Qh] and lost with Two pairs : Queens and 3
Seat 8: Cobra777 showed [Ac As] and won 39450 with Two pairs : Aces and 3


Winamax Poker - Tournament "MiniRoll" buyIn: 0,22€ + 0,03€ level: 4 - HandId: #633932843562565658-8-1455707851 - Holdem no limit (150/300) - 2016/02/17 11:17:31 UTC
Table: 'MiniRoll(147598992)#025' 8-max (real money) Seat #3 is the button
Seat 1: 777rls77 (9200)
Seat 2: EnfantduJeu (9650)
Seat 3: manggy94 (2100)
Seat 4: trema29 (10450)
Seat 5: Guigui-Nomec (10000)
Seat 7: Lukeju (10000)
Seat 8: Cobra777 (39450)
*** ANTE/BLINDS ***
trema29 posts small blind 150
Guigui-Nomec posts big blind 300
Dealt to manggy94 [3h Qs]
*** PRE-FLOP *** 
Lukeju calls 300
Cobra777 calls 300
777rls77 calls 300
EnfantduJeu folds
manggy94 folds
trema29 calls 150
Guigui-Nomec checks
*** FLOP *** [Kh 3d 9s]
trema29 checks
Guigui-Nomec checks
Lukeju checks
Cobra777 checks
777rls77 bets 8900 and is all-in
trema29 folds
Guigui-Nomec folds
Lukeju folds
Cobra777 folds
777rls77 collected 10400 from pot
*** SUMMARY ***
Total pot 10400 | No rake
Board: [Kh 3d 9s]
Seat 1: 777rls77 won 10400


Winamax Poker - Tournament "MiniRoll" buyIn: 0,22€ + 0,03€ level: 4 - HandId: #633932843562565658-9-1455707934 - Holdem no limit (150/300) - 2016/02/17 11:18:54 UTC
Table: 'MiniRoll(147598992)#025' 8-max (real money) Seat #4 is the button
Seat 1: 777rls77 (10400)
Seat 2: EnfantduJeu (9650)
Seat 3: manggy94 (2100)
Seat 4: trema29 (10150)
Seat 5: Guigui-Nomec (9700)
Seat 6: I Nit Help (8350)
Seat 8: Cobra777 (39150)
*** ANTE/BLINDS ***
Guigui-Nomec posts small blind 150
I Nit Help posts big blind 300
Dealt to manggy94 [Td Qs]
*** PRE-FLOP *** 
Cobra777 folds
777rls77 folds
EnfantduJeu calls 300
manggy94 calls 300
trema29 raises 300 to 600
Guigui-Nomec folds
I Nit Help folds
EnfantduJeu folds
manggy94 calls 300
*** FLOP *** [4c 3c Tc]
manggy94 bets 1500 and is all-in
trema29 calls 1500
*** TURN *** [4c 3c Tc][Jh]
*** RIVER *** [4c 3c Tc Jh][Qc]
*** SHOW DOWN ***
trema29 shows [5d 5h] (One pair : 5)
manggy94 shows [Td Qs] (Two pairs : Queens and Tens)
manggy94 collected 4950 from pot
*** SUMMARY ***
Total pot 4950 | No rake
Board: [4c 3c Tc Jh Qc]
Seat 3: manggy94 showed [Td Qs] and won 4950 with Two pairs : Queens and Tens
Seat 4: trema29 (button) showed [5d 5h] and lost with One pair : 5


Winamax Poker - Tournament "MiniRoll" buyIn: 0,22€ + 0,03€ level: 4 - HandId: #633932843562565658-10-1455707996 - Holdem no limit (150/300) - 2016/02/17 11:19:56 UTC
Table: 'MiniRoll(147598992)#025' 8-max (real money) Seat #5 is the button
Seat 1: 777rls77 (10400)
Seat 2: EnfantduJeu (9350)
Seat 3: manggy94 (4950)
Seat 4: trema29 (8050)
Seat 5: Guigui-Nomec (9550)
Seat 6: I Nit Help (8050)
Seat 7: nostressdu68 (10000)
Seat 8: Cobra777 (39150)
*** ANTE/BLINDS ***
I Nit Help posts small blind 150
nostressdu68 posts big blind 300
Dealt to manggy94 [Ts 2h]
*** PRE-FLOP *** 
Cobra777 folds
777rls77 raises 750 to 1050
EnfantduJeu calls 1050
manggy94 folds
trema29 raises 2100 to 3150
Guigui-Nomec raises 6400 to 9550 and is all-in
I Nit Help folds
nostressdu68 folds
777rls77 calls 8500
EnfantduJeu calls 8300 and is all-in
trema29 calls 4900 and is all-in
*** FLOP *** [3h 6c Qs]
*** TURN *** [3h 6c Qs][3c]
*** RIVER *** [3h 6c Qs 3c][7c]
*** SHOW DOWN ***
777rls77 shows [Qd Td] (Two pairs : Queens and 3)
EnfantduJeu shows [6h 9h] (Two pairs : 6 and 3)
trema29 shows [9d 9s] (Two pairs : 9 and 3)
Guigui-Nomec shows [8c Ac] (Flush Ace high)
Guigui-Nomec collected 36950 from pot
*** SUMMARY ***
Total pot 36950 | No rake
Board: [3h 6c Qs 3c 7c]
Seat 1: 777rls77 showed [Qd Td] and lost with Two pairs : Queens and 3
Seat 2: EnfantduJeu showed [6h 9h] and lost with Two pairs : 6 and 3
Seat 4: trema29 showed [9d 9s] and lost with Two pairs : 9 and 3
Seat 5: Guigui-Nomec (button) showed [8c Ac] and won 36950 with Flush Ace high


Winamax Poker - Tournament "MiniRoll" buyIn: 0,22€ + 0,03€ level: 5 - HandId: #633932843562565658-11-1455708049 - Holdem no limit (25/150/300) - 2016/02/17 11:20:49 UTC
Table: 'MiniRoll(147598992)#025' 8-max (real money) Seat #6 is the button
Seat 1: 777rls77 (850)
Seat 3: manggy94 (4950)
Seat 4: Marie & (10000)
Seat 5: Guigui-Nomec (36950)
Seat 6: I Nit Help (7900)
Seat 7: nostressdu68 (9700)
Seat 8: Cobra777 (39150)
*** ANTE/BLINDS ***
nostressdu68 posts ante 25
Cobra777 posts ante 25
777rls77 posts ante 25
manggy94 posts ante 25
Marie & posts ante 25
Guigui-Nomec posts ante 25
I Nit Help posts ante 25
nostressdu68 posts small blind 150
Cobra777 posts big blind 300
Dealt to manggy94 [Kh 4s]
*** PRE-FLOP *** 
777rls77 raises 525 to 825 and is all-in
manggy94 folds
Marie & folds
Guigui-Nomec folds
I Nit Help raises 7050 to 7875 and is all-in
nostressdu68 calls 7725
Cobra777 folds
*** FLOP *** [5d 9c 6h]
*** TURN *** [5d 9c 6h][4c]
*** RIVER *** [5d 9c 6h 4c][5h]
*** SHOW DOWN ***
777rls77 shows [3d Js] (One pair : 5)
I Nit Help shows [Ah Kc] (One pair : 5)
nostressdu68 shows [7h 8s] (Straight 9 high)
nostressdu68 collected 17050 from pot
*** SUMMARY ***
Total pot 17050 | No rake
Board: [5d 9c 6h 4c 5h]
Seat 1: 777rls77 showed [3d Js] and lost with One pair : 5
Seat 6: I Nit Help (button) showed [Ah Kc] and lost with One pair : 5
Seat 7: nostressdu68 (small blind) showed [7h 8s] and won 17050 with Straight 9 high


Winamax Poker - Tournament "MiniRoll" buyIn: 0,22€ + 0,03€ level: 5 - HandId: #633932843562565658-12-1455708092 - Holdem no limit (25/150/300) - 2016/02/17 11:21:32 UTC
Table: 'MiniRoll(147598992)#025' 8-max (real money) Seat #7 is the button
Seat 2: rayane93 (10000)
Seat 3: manggy94 (4925)
Seat 4: Marie & (9975)
Seat 5: Guigui-Nomec (36925)
Seat 7: nostressdu68 (18850)
Seat 8: Cobra777 (38825)
*** ANTE/BLINDS ***
Cobra777 posts ante 25
rayane93 posts ante 25
manggy94 posts ante 25
Marie & posts ante 25
Guigui-Nomec posts ante 25
nostressdu68 posts ante 25
Cobra777 posts small blind 150
rayane93 posts big blind 300
Dealt to manggy94 [3s 2c]
*** PRE-FLOP *** 
manggy94 folds
Marie & folds
Guigui-Nomec calls 300
nostressdu68 folds
Cobra777 calls 150
rayane93 raises 300 to 600
Guigui-Nomec calls 300
Cobra777 calls 300
*** FLOP *** [9d Td 8d]
Cobra777 bets 300
rayane93 raises 300 to 600
Guigui-Nomec folds
Cobra777 calls 300
*** TURN *** [9d Td 8d][Jh]
Cobra777 bets 1200
rayane93 raises 1200 to 2400
Cobra777 calls 1200
*** RIVER *** [9d Td 8d Jh][8s]
Cobra777 bets 35200 and is all-in
rayane93 folds
Cobra777 collected 43150 from pot
*** SUMMARY ***
Total pot 43150 | No rake
Board: [9d Td 8d Jh 8s]
Seat 8: Cobra777 (small blind) won 43150


Winamax Poker - Tournament "MiniRoll" buyIn: 0,22€ + 0,03€ level: 5 - HandId: #633932843562565671-3-1455708164 - Holdem no limit (25/150/300) - 2016/02/17 11:22:44 UTC
Table: 'MiniRoll(147598992)#038' 8-max (real money) Seat #1 is the button
Seat 1: Breizhrio (10650)
Seat 4: fdp27 (9350)
Seat 6: manggy94 (4900)
Seat 7: chichi11 (10000)
Seat 8: kipov01 (10000)
*** ANTE/BLINDS ***
fdp27 posts ante 25
manggy94 posts ante 25
Breizhrio posts ante 25
chichi11 posts ante 25
kipov01 posts ante 25
fdp27 posts small blind 150
manggy94 posts big blind 300
Dealt to manggy94 [Qh 4s]
*** PRE-FLOP *** 
chichi11 raises 600 to 900
kipov01 folds
Breizhrio folds
fdp27 folds
manggy94 calls 600
*** FLOP *** [9h Ac 6h]
manggy94 checks
chichi11 bets 1038
manggy94 folds
chichi11 collected 3113 from pot
*** SUMMARY ***
Total pot 3113 | No rake
Board: [9h Ac 6h]
Seat 7: chichi11 won 3113


Winamax Poker - Tournament "MiniRoll" buyIn: 0,22€ + 0,03€ level: 5 - HandId: #633932843562565671-4-1455708185 - Holdem no limit (25/150/300) - 2016/02/17 11:23:05 UTC
Table: 'MiniRoll(147598992)#038' 8-max (real money) Seat #4 is the button
Seat 1: Breizhrio (10625)
Seat 4: fdp27 (9175)
Seat 6: manggy94 (3975)
Seat 7: chichi11 (11150)
Seat 8: kipov01 (9975)
*** ANTE/BLINDS ***
manggy94 posts ante 25
chichi11 posts ante 25
Breizhrio posts ante 25
fdp27 posts ante 25
kipov01 posts ante 25
manggy94 posts small blind 150
chichi11 posts big blind 300
Dealt to manggy94 [6c 4d]
*** PRE-FLOP *** 
kipov01 folds
Breizhrio folds
fdp27 folds
manggy94 folds
chichi11 collected 575 from pot
*** SUMMARY ***
Total pot 575 | No rake
Seat 7: chichi11 (big blind) won 575


Winamax Poker - Tournament "MiniRoll" buyIn: 0,22€ + 0,03€ level: 5 - HandId: #633932843562565671-5-1455708206 - Holdem no limit (25/150/300) - 2016/02/17 11:23:26 UTC
Table: 'MiniRoll(147598992)#038' 8-max (real money) Seat #6 is the button
Seat 1: Breizhrio (10600)
Seat 4: fdp27 (9150)
Seat 6: manggy94 (3800)
Seat 7: chichi11 (11400)
Seat 8: kipov01 (9950)
*** ANTE/BLINDS ***
chichi11 posts ante 25
kipov01 posts ante 25
Breizhrio posts ante 25
fdp27 posts ante 25
manggy94 posts ante 25
chichi11 posts small blind 150
kipov01 posts big blind 300
Dealt to manggy94 [4h 2h]
*** PRE-FLOP *** 
Breizhrio folds
fdp27 folds
manggy94 folds
chichi11 calls 150
kipov01 checks
*** FLOP *** [9d 8c 5s]
chichi11 bets 363
kipov01 raises 363 to 726
chichi11 calls 363
*** TURN *** [9d 8c 5s][Jd]
chichi11 bets 300
kipov01 raises 1239 to 1539
chichi11 calls 1239
*** RIVER *** [9d 8c 5s Jd][6d]
chichi11 checks
kipov01 bets 3941
chichi11 folds
kipov01 collected 9196 from pot
*** SUMMARY ***
Total pot 9196 | No rake
Board: [9d 8c 5s Jd 6d]
Seat 8: kipov01 (big blind) won 9196


Winamax Poker - Tournament "MiniRoll" buyIn: 0,22€ + 0,03€ level: 5 - HandId: #633932843562565671-6-1455708288 - Holdem no limit (25/150/300) - 2016/02/17 11:24:48 UTC
Table: 'MiniRoll(147598992)#038' 8-max (real money) Seat #7 is the button
Seat 1: Breizhrio (10575)
Seat 4: fdp27 (9125)
Seat 6: manggy94 (3775)
Seat 7: chichi11 (8810)
Seat 8: kipov01 (12615)
*** ANTE/BLINDS ***
kipov01 posts ante 25
Breizhrio posts ante 25
fdp27 posts ante 25
manggy94 posts ante 25
chichi11 posts ante 25
kipov01 posts small blind 150
Breizhrio posts big blind 300
Dealt to manggy94 [7d 6d]
*** PRE-FLOP *** 
fdp27 calls 300
manggy94 calls 300
chichi11 folds
kipov01 folds
Breizhrio checks
*** FLOP *** [As Ah Jc]
Breizhrio checks
fdp27 checks
manggy94 checks
*** TURN *** [As Ah Jc][3s]
Breizhrio checks
fdp27 checks
manggy94 checks
*** RIVER *** [As Ah Jc 3s][9h]
Breizhrio checks
fdp27 checks
manggy94 checks
*** SHOW DOWN ***
Breizhrio shows [5h 4c] (One pair : Aces)
manggy94 shows [7d 6d] (One pair : Aces)
fdp27 shows [6h 8d] (One pair : Aces)
fdp27 collected 1175 from pot
*** SUMMARY ***
Total pot 1175 | No rake
Board: [As Ah Jc 3s 9h]
Seat 1: Breizhrio (big blind) showed [5h 4c] and lost with One pair : Aces
Seat 4: fdp27 showed [6h 8d] and won 1175 with One pair : Aces
Seat 6: manggy94 showed [7d 6d] and lost with One pair : Aces


Winamax Poker - Tournament "MiniRoll" buyIn: 0,22€ + 0,03€ level: 5 - HandId: #633932843562565671-7-1455708335 - Holdem no limit (25/150/300) - 2016/02/17 11:25:35 UTC
Table: 'MiniRoll(147598992)#038' 8-max (real money) Seat #8 is the button
Seat 1: Breizhrio (10250)
Seat 3: EDENLISA (10000)
Seat 4: fdp27 (9975)
Seat 6: manggy94 (3450)
Seat 7: chichi11 (8785)
Seat 8: kipov01 (12440)
*** ANTE/BLINDS ***
Breizhrio posts ante 25
EDENLISA posts ante 25
fdp27 posts ante 25
manggy94 posts ante 25
chichi11 posts ante 25
kipov01 posts ante 25
Breizhrio posts small blind 150
EDENLISA posts big blind 300
Dealt to manggy94 [Qh 5d]
*** PRE-FLOP *** 
fdp27 folds
manggy94 folds
chichi11 raises 900 to 1200
kipov01 folds
Breizhrio folds
EDENLISA calls 900
*** FLOP *** [2h Qd Jh]
EDENLISA bets 8775 and is all-in
chichi11 calls 7560 and is all-in
*** TURN *** [2h Qd Jh][7h]
*** RIVER *** [2h Qd Jh 7h][4d]
*** SHOW DOWN ***
chichi11 shows [Td Tc] (One pair : Tens)
EDENLISA shows [Qc 2c] (Two pairs : Queens and 2)
EDENLISA collected 19035 from pot
*** SUMMARY ***
Total pot 19035 | No rake
Board: [2h Qd Jh 7h 4d]
Seat 3: EDENLISA (big blind) showed [Qc 2c] and won 19035 with Two pairs : Queens and 2
Seat 7: chichi11 showed [Td Tc] and lost with One pair : Tens


Winamax Poker - Tournament "MiniRoll" buyIn: 0,22€ + 0,03€ level: 6 - HandId: #633932843562565671-8-1455708427 - Holdem no limit (30/200/400) - 2016/02/17 11:27:07 UTC
Table: 'MiniRoll(147598992)#038' 8-max (real money) Seat #1 is the button
Seat 1: Breizhrio (10075)
Seat 2: Cobra777 (39286)
Seat 3: EDENLISA (19035)
Seat 4: fdp27 (9950)
Seat 5: DOCNOOR (10000)
Seat 6: manggy94 (3425)
Seat 8: kipov01 (12415)
*** ANTE/BLINDS ***
EDENLISA posts ante 30
fdp27 posts ante 30
Breizhrio posts ante 30
DOCNOOR posts ante 30
manggy94 posts ante 30
kipov01 posts ante 30
EDENLISA posts small blind 200
fdp27 posts big blind 400
Dealt to manggy94 [Jh 6c]
*** PRE-FLOP *** 
DOCNOOR folds
manggy94 folds
kipov01 folds
Breizhrio folds
EDENLISA calls 200
fdp27 checks
*** FLOP *** [Th 2h Td]
EDENLISA checks
fdp27 checks
*** TURN *** [Th 2h Td][Jd]
EDENLISA bets 400
fdp27 folds
EDENLISA collected 1380 from pot
*** SUMMARY ***
Total pot 1380 | No rake
Board: [Th 2h Td Jd]
Seat 3: EDENLISA (small blind) won 1380


Winamax Poker - Tournament "MiniRoll" buyIn: 0,22€ + 0,03€ level: 6 - HandId: #633932843562565671-9-1455708463 - Holdem no limit (30/200/400) - 2016/02/17 11:27:43 UTC
Table: 'MiniRoll(147598992)#038' 8-max (real money) Seat #3 is the button
Seat 1: Breizhrio (10045)
Seat 2: Cobra777 (39286)
Seat 3: EDENLISA (19585)
Seat 4: fdp27 (9520)
Seat 5: DOCNOOR (9970)
Seat 6: manggy94 (3395)
Seat 7: criolo49 (10000)
Seat 8: kipov01 (12385)
*** ANTE/BLINDS ***
fdp27 posts ante 30
DOCNOOR posts ante 30
Breizhrio posts ante 30
Cobra777 posts ante 30
EDENLISA posts ante 30
manggy94 posts ante 30
criolo49 posts ante 30
kipov01 posts ante 30
fdp27 posts small blind 200
DOCNOOR posts big blind 400
Dealt to manggy94 [8c 7d]
*** PRE-FLOP *** 
manggy94 folds
criolo49 calls 400
kipov01 folds
Breizhrio folds
Cobra777 folds
EDENLISA raises 400 to 800
fdp27 folds
DOCNOOR folds
criolo49 calls 400
*** FLOP *** [9c 7c Qh]
criolo49 checks
EDENLISA bets 400
criolo49 calls 400
*** TURN *** [9c 7c Qh][Jc]
criolo49 bets 800
EDENLISA calls 800
*** RIVER *** [9c 7c Qh Jc][Jh]
criolo49 bets 800
EDENLISA calls 800
*** SHOW DOWN ***
EDENLISA shows [Th Ts] (Two pairs : Jacks and Tens)
criolo49 shows [Kd Jd] (Trips of Jacks)
criolo49 collected 6440 from pot
*** SUMMARY ***
Total pot 6440 | No rake
Board: [9c 7c Qh Jc Jh]
Seat 3: EDENLISA (button) showed [Th Ts] and lost with Two pairs : Jacks and Tens
Seat 7: criolo49 showed [Kd Jd] and won 6440 with Trips of Jacks


Winamax Poker - Tournament "MiniRoll" buyIn: 0,22€ + 0,03€ level: 6 - HandId: #633932843562565671-10-1455708536 - Holdem no limit (30/200/400) - 2016/02/17 11:28:56 UTC
Table: 'MiniRoll(147598992)#038' 8-max (real money) Seat #4 is the button
Seat 1: Breizhrio (10015)
Seat 2: Cobra777 (39256)
Seat 3: EDENLISA (16755)
Seat 4: fdp27 (9290)
Seat 5: DOCNOOR (9540)
Seat 6: manggy94 (3365)
Seat 7: criolo49 (13610)
Seat 8: kipov01 (12355)
*** ANTE/BLINDS ***
DOCNOOR posts ante 30
manggy94 posts ante 30
Breizhrio posts ante 30
Cobra777 posts ante 30
EDENLISA posts ante 30
fdp27 posts ante 30
criolo49 posts ante 30
kipov01 posts ante 30
DOCNOOR posts small blind 200
manggy94 posts big blind 400
Dealt to manggy94 [Ks Jd]
*** PRE-FLOP *** 
criolo49 folds
kipov01 raises 800 to 1200
Breizhrio folds
Cobra777 folds
EDENLISA folds
fdp27 folds
DOCNOOR folds
manggy94 raises 2135 to 3335 and is all-in
kipov01 calls 2135
*** FLOP *** [9h 5c 2d]
*** TURN *** [9h 5c 2d][4h]
*** RIVER *** [9h 5c 2d 4h][As]
*** SHOW DOWN ***
manggy94 shows [Ks Jd] (High card : Ace)
kipov01 shows [Th Ah] (One pair : Aces)
kipov01 collected 7110 from pot
*** SUMMARY ***
Total pot 7110 | No rake
Board: [9h 5c 2d 4h As]
Seat 6: manggy94 (big blind) showed [Ks Jd] and lost with High card : Ace
Seat 8: kipov01 showed [Th Ah] and won 7110 with One pair : Aces


