Winamax Poker - Tournament "Freeroll" buyIn: Free level: 6 - HandId: #685181303871504553-19-1465048109 - Holdem no limit (10/60/120) - 2016/06/04 13:48:29 UTC
Table: 'Freeroll(159531204)#168' 8-max (real money) Seat #6 is the button
Seat 1: ELFIE18 (2415)
Seat 3: madeleine33 (14335)
Seat 4: Ince-Desie (11015)
Seat 5: manggy94 (3000)
Seat 7: fanterka (11235)
Seat 8: rivella (3000)
*** ANTE/BLINDS ***
fanterka posts ante 10
rivella posts ante 10
ELFIE18 posts ante 10
madeleine33 posts ante 10
Ince-Desie posts ante 10
manggy94 posts ante 10
fanterka posts small blind 60
rivella posts big blind 120
Dealt to manggy94 [Td 7c]
*** PRE-FLOP *** 
ELFIE18 calls 120
madeleine33 calls 120
Ince-Desie folds
manggy94 folds
fanterka folds
rivella checks
*** FLOP *** [2s 5c 7d]
rivella checks
ELFIE18 checks
madeleine33 checks
*** TURN *** [2s 5c 7d][9h]
rivella checks
ELFIE18 checks
madeleine33 checks
*** RIVER *** [2s 5c 7d 9h][9d]
rivella checks
ELFIE18 bets 120
madeleine33 folds
rivella folds
ELFIE18 collected 600 from pot
*** SUMMARY ***
Total pot 600 | No rake
Board: [2s 5c 7d 9h 9d]
Seat 1: ELFIE18 won 600


Winamax Poker - Tournament "Freeroll" buyIn: Free level: 6 - HandId: #685181303871504553-20-1465048164 - Holdem no limit (10/60/120) - 2016/06/04 13:49:24 UTC
Table: 'Freeroll(159531204)#168' 8-max (real money) Seat #7 is the button
Seat 1: ELFIE18 (2765)
Seat 2: edmond66 (3530)
Seat 3: madeleine33 (14205)
Seat 4: Ince-Desie (11005)
Seat 5: manggy94 (2990)
Seat 7: fanterka (11165)
Seat 8: rivella (2870)
*** ANTE/BLINDS ***
rivella posts ante 10
ELFIE18 posts ante 10
edmond66 posts ante 10
madeleine33 posts ante 10
Ince-Desie posts ante 10
manggy94 posts ante 10
fanterka posts ante 10
rivella posts small blind 60
ELFIE18 posts big blind 120
Dealt to manggy94 [Ad 7h]
*** PRE-FLOP *** 
edmond66 folds
madeleine33 folds
Ince-Desie folds
manggy94 raises 120 to 240
fanterka folds
rivella calls 180
ELFIE18 calls 120
*** FLOP *** [3d Ac 6c]
rivella checks
ELFIE18 checks
manggy94 bets 790
rivella calls 790
ELFIE18 calls 790
*** TURN *** [3d Ac 6c][9d]
rivella checks
ELFIE18 checks
manggy94 checks
*** RIVER *** [3d Ac 6c 9d][6d]
rivella bets 842
ELFIE18 calls 842
manggy94 calls 842
*** SHOW DOWN ***
ELFIE18 shows [7s 7d] (Two pairs : 7 and 6)
manggy94 shows [Ad 7h] (Two pairs : Aces and 6)
rivella shows [3h 3c] (Full of 3 and 6)
rivella collected 5686 from pot
*** SUMMARY ***
Total pot 5686 | No rake
Board: [3d Ac 6c 9d 6d]
Seat 1: ELFIE18 (big blind) showed [7s 7d] and lost with Two pairs : 7 and 6
Seat 5: manggy94 showed [Ad 7h] and lost with Two pairs : Aces and 6
Seat 8: rivella (small blind) showed [3h 3c] and won 5686 with Full of 3 and 6


Winamax Poker - Tournament "Freeroll" buyIn: Free level: 6 - HandId: #685181303871504553-21-1465048232 - Holdem no limit (10/60/120) - 2016/06/04 13:50:32 UTC
Table: 'Freeroll(159531204)#168' 8-max (real money) Seat #8 is the button
Seat 1: ELFIE18 (883)
Seat 2: edmond66 (3520)
Seat 3: madeleine33 (14195)
Seat 4: Ince-Desie (10995)
Seat 5: manggy94 (1108)
Seat 6: esma16 (2700)
Seat 7: fanterka (11155)
Seat 8: rivella (6674)
*** ANTE/BLINDS ***
ELFIE18 posts ante 10
edmond66 posts ante 10
madeleine33 posts ante 10
Ince-Desie posts ante 10
manggy94 posts ante 10
esma16 posts ante 10
fanterka posts ante 10
rivella posts ante 10
ELFIE18 posts small blind 60
edmond66 posts big blind 120
Dealt to manggy94 [6s Ah]
*** PRE-FLOP *** 
madeleine33 folds
Ince-Desie calls 120
manggy94 calls 120
esma16 folds
fanterka folds
rivella folds
ELFIE18 calls 60
edmond66 checks
*** FLOP *** [4d 4c Th]
ELFIE18 checks
edmond66 bets 560
Ince-Desie raises 10305 to 10865 and is all-in
manggy94 folds
ELFIE18 folds
edmond66 calls 2830 and is all-in
*** TURN *** [4d 4c Th][Qd]
*** RIVER *** [4d 4c Th Qd][7s]
*** SHOW DOWN ***
edmond66 shows [4s 3d] (Trips of 4)
Ince-Desie shows [Jh Js] (Two pairs : Jacks and 4)
Ince-Desie collected 7475 from side pot 1
edmond66 collected 7340 from main pot
*** SUMMARY ***
Total pot 14815 | No rake
Board: [4d 4c Th Qd 7s]
Seat 2: edmond66 (big blind) showed [4s 3d] and won 7340 with Trips of 4
Seat 4: Ince-Desie showed [Jh Js] and won 7475 with Two pairs : Jacks and 4


Winamax Poker - Tournament "Freeroll" buyIn: Free level: 7 - HandId: #685181303871504553-22-1465048307 - Holdem no limit (15/75/150) - 2016/06/04 13:51:47 UTC
Table: 'Freeroll(159531204)#168' 8-max (real money) Seat #1 is the button
Seat 1: ELFIE18 (753)
Seat 2: edmond66 (7340)
Seat 3: madeleine33 (14185)
Seat 4: Ince-Desie (7475)
Seat 5: manggy94 (978)
Seat 6: esma16 (2690)
Seat 7: fanterka (11145)
Seat 8: rivella (6664)
*** ANTE/BLINDS ***
edmond66 posts ante 15
madeleine33 posts ante 15
ELFIE18 posts ante 15
Ince-Desie posts ante 15
manggy94 posts ante 15
esma16 posts ante 15
fanterka posts ante 15
rivella posts ante 15
edmond66 posts small blind 75
madeleine33 posts big blind 150
Dealt to manggy94 [Kh 5h]
*** PRE-FLOP *** 
Ince-Desie folds
manggy94 raises 813 to 963 and is all-in
esma16 folds
fanterka folds
rivella folds
ELFIE18 folds
edmond66 calls 888
madeleine33 raises 13207 to 14170 and is all-in
edmond66 calls 6362 and is all-in
*** FLOP *** [7d 3h 9c]
*** TURN *** [7d 3h 9c][7s]
*** RIVER *** [7d 3h 9c 7s][Jc]
*** SHOW DOWN ***
edmond66 shows [9h Ad] (Two pairs : 9 and 7)
manggy94 shows [Kh 5h] (One pair : 7)
madeleine33 shows [As Ah] (Two pairs : Aces and 7)
madeleine33 collected 22578 from pot
*** SUMMARY ***
Total pot 22578 | No rake
Board: [7d 3h 9c 7s Jc]
Seat 2: edmond66 (small blind) showed [9h Ad] and lost with Two pairs : 9 and 7
Seat 3: madeleine33 (big blind) showed [As Ah] and won 22578 with Two pairs : Aces and 7
Seat 5: manggy94 showed [Kh 5h] and lost with One pair : 7


