Winamax Poker - Tournament "Freeroll" buyIn: 0€ + 0€ level: 5 - HandId: #693436273964089590-8-1466879252 - Holdem no limit (40/80) - 2016/06/25 18:27:32 UTC
Table: 'Freeroll(161453214)#0245' 8-max (real money) Seat #1 is the button
Seat 1: vitor27 (2500)
Seat 2: lelensoi62 (12780)
Seat 3: Gabsy93 (6000)
Seat 4: SAl3INETTE84 (3000)
Seat 5: manggy94 (3000)
Seat 6: andynight80 (3000)
Seat 7: Zegrossikp78 (2930)
Seat 8: ntkingrams (2790)
*** ANTE/BLINDS ***
lelensoi62 posts small blind 40
Gabsy93 posts big blind 80
Dealt to manggy94 [3h Th]
*** PRE-FLOP *** 
SAl3INETTE84 folds
manggy94 folds
andynight80 raises 2920 to 3000 and is all-in
Zegrossikp78 folds
ntkingrams folds
vitor27 folds
lelensoi62 folds
Gabsy93 folds
andynight80 collected 3120 from pot
*** SUMMARY ***
Total pot 3120 | No rake
Seat 6: andynight80 won 3120


Winamax Poker - Tournament "Freeroll" buyIn: 0€ + 0€ level: 5 - HandId: #693436273964089590-9-1466879300 - Holdem no limit (40/80) - 2016/06/25 18:28:20 UTC
Table: 'Freeroll(161453214)#0245' 8-max (real money) Seat #2 is the button
Seat 1: vitor27 (2500)
Seat 2: lelensoi62 (12740)
Seat 3: Gabsy93 (5920)
Seat 4: SAl3INETTE84 (3000)
Seat 5: manggy94 (3000)
Seat 6: andynight80 (3120)
Seat 7: Zegrossikp78 (2930)
Seat 8: ntkingrams (2790)
*** ANTE/BLINDS ***
Gabsy93 posts small blind 40
SAl3INETTE84 posts big blind 80
Dealt to manggy94 [5d Ad]
*** PRE-FLOP *** 
manggy94 raises 200 to 280
andynight80 folds
Zegrossikp78 folds
ntkingrams folds
vitor27 folds
lelensoi62 folds
Gabsy93 calls 240
SAl3INETTE84 folds
*** FLOP *** [6s 7d 2h]
Gabsy93 checks
manggy94 bets 320
Gabsy93 raises 5320 to 5640 and is all-in
manggy94 folds
Gabsy93 collected 6600 from pot
*** SUMMARY ***
Total pot 6600 | No rake
Board: [6s 7d 2h]
Seat 3: Gabsy93 (small blind) won 6600


Winamax Poker - Tournament "Freeroll" buyIn: 0€ + 0€ level: 5 - HandId: #693436273964089590-10-1466879342 - Holdem no limit (40/80) - 2016/06/25 18:29:02 UTC
Table: 'Freeroll(161453214)#0245' 8-max (real money) Seat #3 is the button
Seat 1: vitor27 (2500)
Seat 2: lelensoi62 (12740)
Seat 3: Gabsy93 (6600)
Seat 4: SAl3INETTE84 (2920)
Seat 5: manggy94 (2400)
Seat 6: andynight80 (3120)
Seat 7: Zegrossikp78 (2930)
Seat 8: ntkingrams (2790)
*** ANTE/BLINDS ***
SAl3INETTE84 posts small blind 40
manggy94 posts big blind 80
Dealt to manggy94 [4h 7h]
*** PRE-FLOP *** 
andynight80 raises 80 to 160
Zegrossikp78 folds
ntkingrams calls 160
vitor27 calls 160
lelensoi62 raises 80 to 240
Gabsy93 folds
SAl3INETTE84 folds
manggy94 folds
andynight80 raises 80 to 320
ntkingrams folds
vitor27 calls 160
lelensoi62 raises 1240 to 1560
andynight80 raises 1240 to 2800
vitor27 calls 2180 and is all-in
lelensoi62 folds
*** FLOP *** [5h Jh 5s]
*** TURN *** [5h Jh 5s][8s]
*** RIVER *** [5h Jh 5s 8s][Jd]
*** SHOW DOWN ***
vitor27 shows [3h 3s] (Two pairs : Jacks and 5)
andynight80 shows [9c Js] (Full of Jacks and 5)
andynight80 collected 7140 from pot
*** SUMMARY ***
Total pot 7140 | No rake
Board: [5h Jh 5s 8s Jd]
Seat 1: vitor27 showed [3h 3s] and lost with Two pairs : Jacks and 5
Seat 6: andynight80 showed [9c Js] and won 7140 with Full of Jacks and 5


Winamax Poker - Tournament "Freeroll" buyIn: 0€ + 0€ level: 6 - HandId: #693436273964089590-11-1466879439 - Holdem no limit (60/120) - 2016/06/25 18:30:39 UTC
Table: 'Freeroll(161453214)#0245' 8-max (real money) Seat #4 is the button
Seat 2: lelensoi62 (11180)
Seat 3: Gabsy93 (6600)
Seat 4: SAl3INETTE84 (2880)
Seat 5: manggy94 (2320)
Seat 6: andynight80 (7460)
Seat 7: Zegrossikp78 (2930)
Seat 8: ntkingrams (2630)
*** ANTE/BLINDS ***
manggy94 posts small blind 60
andynight80 posts big blind 120
Dealt to manggy94 [9c 6h]
*** PRE-FLOP *** 
Zegrossikp78 folds
ntkingrams folds
lelensoi62 folds
Gabsy93 raises 120 to 240
SAl3INETTE84 folds
manggy94 folds
andynight80 folds
Gabsy93 collected 420 from pot
*** SUMMARY ***
Total pot 420 | No rake
Seat 3: Gabsy93 won 420


Winamax Poker - Tournament "Freeroll" buyIn: 0€ + 0€ level: 6 - HandId: #693436273964089590-12-1466879467 - Holdem no limit (60/120) - 2016/06/25 18:31:07 UTC
Table: 'Freeroll(161453214)#0245' 8-max (real money) Seat #5 is the button
Seat 1: djingatchok (3000)
Seat 2: lelensoi62 (11180)
Seat 3: Gabsy93 (6780)
Seat 4: SAl3INETTE84 (2880)
Seat 5: manggy94 (2260)
Seat 6: andynight80 (7340)
Seat 7: Zegrossikp78 (2930)
Seat 8: ntkingrams (2630)
*** ANTE/BLINDS ***
andynight80 posts small blind 60
Zegrossikp78 posts big blind 120
Dealt to manggy94 [Kh Ts]
*** PRE-FLOP *** 
ntkingrams raises 240 to 360
djingatchok raises 2640 to 3000 and is all-in
lelensoi62 folds
Gabsy93 folds
SAl3INETTE84 folds
manggy94 folds
andynight80 folds
Zegrossikp78 folds
ntkingrams calls 2270 and is all-in
*** FLOP *** [6h 7c Ac]
*** TURN *** [6h 7c Ac][Td]
*** RIVER *** [6h 7c Ac Td][5c]
*** SHOW DOWN ***
ntkingrams shows [Jd Ah] (One pair : Aces)
djingatchok shows [7h 4h] (One pair : 7)
djingatchok collected 370 from side pot 1
ntkingrams collected 5440 from main pot
*** SUMMARY ***
Total pot 5810 | No rake
Board: [6h 7c Ac Td 5c]
Seat 1: djingatchok showed [7h 4h] and won 370 with One pair : 7
Seat 8: ntkingrams showed [Jd Ah] and won 5440 with One pair : Aces


Winamax Poker - Tournament "Freeroll" buyIn: 0€ + 0€ level: 6 - HandId: #693436273964089590-13-1466879516 - Holdem no limit (60/120) - 2016/06/25 18:31:56 UTC
Table: 'Freeroll(161453214)#0245' 8-max (real money) Seat #6 is the button
Seat 1: djingatchok (370)
Seat 2: lelensoi62 (11180)
Seat 3: Gabsy93 (6780)
Seat 4: SAl3INETTE84 (2880)
Seat 5: manggy94 (2260)
Seat 6: andynight80 (7280)
Seat 7: Zegrossikp78 (2810)
Seat 8: ntkingrams (5440)
*** ANTE/BLINDS ***
Zegrossikp78 posts small blind 60
ntkingrams posts big blind 120
Dealt to manggy94 [7d 3d]
*** PRE-FLOP *** 
djingatchok raises 250 to 370 and is all-in
lelensoi62 raises 250 to 620
Gabsy93 folds
SAl3INETTE84 folds
manggy94 folds
andynight80 raises 6660 to 7280 and is all-in
Zegrossikp78 folds
ntkingrams folds
lelensoi62 calls 6660
*** FLOP *** [7h Th Kd]
*** TURN *** [7h Th Kd][As]
*** RIVER *** [7h Th Kd As][Td]
*** SHOW DOWN ***
djingatchok shows [4h 9d] (One pair : Tens)
andynight80 shows [4s 4d] (Two pairs : Tens and 4)
lelensoi62 shows [Qh Jc] (Straight Ace high)
lelensoi62 collected 15110 from pot
*** SUMMARY ***
Total pot 15110 | No rake
Board: [7h Th Kd As Td]
Seat 1: djingatchok showed [4h 9d] and lost with One pair : Tens
Seat 2: lelensoi62 showed [Qh Jc] and won 15110 with Straight Ace high
Seat 6: andynight80 (button) showed [4s 4d] and lost with Two pairs : Tens and 4


Winamax Poker - Tournament "Freeroll" buyIn: 0€ + 0€ level: 6 - HandId: #693436273964089590-14-1466879560 - Holdem no limit (60/120) - 2016/06/25 18:32:40 UTC
Table: 'Freeroll(161453214)#0245' 8-max (real money) Seat #7 is the button
Seat 2: lelensoi62 (19010)
Seat 3: Gabsy93 (6780)
Seat 4: SAl3INETTE84 (2880)
Seat 5: manggy94 (2260)
Seat 7: Zegrossikp78 (2750)
Seat 8: ntkingrams (5320)
*** ANTE/BLINDS ***
ntkingrams posts small blind 60
lelensoi62 posts big blind 120
Dealt to manggy94 [Ac 2s]
*** PRE-FLOP *** 
Gabsy93 folds
SAl3INETTE84 raises 300 to 420
manggy94 calls 420
Zegrossikp78 folds
ntkingrams folds
lelensoi62 folds
*** FLOP *** [7c 2c 4c]
SAl3INETTE84 bets 1020
manggy94 raises 820 to 1840 and is all-in
SAl3INETTE84 calls 820
*** TURN *** [7c 2c 4c][Js]
*** RIVER *** [7c 2c 4c Js][8s]
*** SHOW DOWN ***
SAl3INETTE84 shows [Ks As] (High card : Ace)
manggy94 shows [Ac 2s] (One pair : 2)
manggy94 collected 4700 from pot
*** SUMMARY ***
Total pot 4700 | No rake
Board: [7c 2c 4c Js 8s]
Seat 4: SAl3INETTE84 showed [Ks As] and lost with High card : Ace
Seat 5: manggy94 showed [Ac 2s] and won 4700 with One pair : 2


Winamax Poker - Tournament "Freeroll" buyIn: 0€ + 0€ level: 7 - HandId: #693436273964089590-15-1466879609 - Holdem no limit (10/60/120) - 2016/06/25 18:33:29 UTC
Table: 'Freeroll(161453214)#0245' 8-max (real money) Seat #8 is the button
Seat 1: juzam74 (3000)
Seat 2: lelensoi62 (18890)
Seat 3: Gabsy93 (6780)
Seat 4: SAl3INETTE84 (620)
Seat 5: manggy94 (4700)
Seat 6: APACHES40 (3000)
Seat 7: Zegrossikp78 (2750)
Seat 8: ntkingrams (5260)
*** ANTE/BLINDS ***
lelensoi62 posts ante 10
Gabsy93 posts ante 10
SAl3INETTE84 posts ante 10
manggy94 posts ante 10
APACHES40 posts ante 10
Zegrossikp78 posts ante 10
ntkingrams posts ante 10
lelensoi62 posts small blind 60
Gabsy93 posts big blind 120
Dealt to manggy94 [Qh Qs]
*** PRE-FLOP *** 
SAl3INETTE84 folds
manggy94 raises 370 to 490
APACHES40 folds
Zegrossikp78 folds
ntkingrams folds
lelensoi62 folds
Gabsy93 folds
manggy94 collected 740 from pot
*** SUMMARY ***
Total pot 740 | No rake
Seat 5: manggy94 won 740


Winamax Poker - Tournament "Freeroll" buyIn: 0€ + 0€ level: 7 - HandId: #693436273964089590-16-1466879650 - Holdem no limit (10/60/120) - 2016/06/25 18:34:10 UTC
Table: 'Freeroll(161453214)#0245' 8-max (real money) Seat #2 is the button
Seat 1: juzam74 (3000)
Seat 2: lelensoi62 (18820)
Seat 3: Gabsy93 (6650)
Seat 4: SAl3INETTE84 (610)
Seat 5: manggy94 (4940)
Seat 6: APACHES40 (2990)
Seat 7: Zegrossikp78 (2740)
Seat 8: ntkingrams (5250)
*** ANTE/BLINDS ***
Gabsy93 posts ante 10
SAl3INETTE84 posts ante 10
juzam74 posts ante 10
lelensoi62 posts ante 10
manggy94 posts ante 10
APACHES40 posts ante 10
Zegrossikp78 posts ante 10
ntkingrams posts ante 10
Gabsy93 posts small blind 60
SAl3INETTE84 posts big blind 120
Dealt to manggy94 [2d 5h]
*** PRE-FLOP *** 
manggy94 folds
APACHES40 folds
Zegrossikp78 folds
ntkingrams folds
juzam74 folds
lelensoi62 raises 380 to 500
Gabsy93 folds
SAl3INETTE84 raises 100 to 600 and is all-in
lelensoi62 calls 100
*** FLOP *** [9c 4h 6d]
*** TURN *** [9c 4h 6d][3h]
*** RIVER *** [9c 4h 6d 3h][4d]
*** SHOW DOWN ***
SAl3INETTE84 shows [7h Ad] (One pair : 4)
lelensoi62 shows [9s Jc] (Two pairs : 9 and 4)
lelensoi62 collected 1340 from pot
*** SUMMARY ***
Total pot 1340 | No rake
Board: [9c 4h 6d 3h 4d]
Seat 2: lelensoi62 (button) showed [9s Jc] and won 1340 with Two pairs : 9 and 4
Seat 4: SAl3INETTE84 (big blind) showed [7h Ad] and lost with One pair : 4


Winamax Poker - Tournament "Freeroll" buyIn: 0€ + 0€ level: 7 - HandId: #693436273964089590-17-1466879710 - Holdem no limit (10/60/120) - 2016/06/25 18:35:10 UTC
Table: 'Freeroll(161453214)#0245' 8-max (real money) Seat #3 is the button
Seat 1: juzam74 (2990)
Seat 2: lelensoi62 (19550)
Seat 3: Gabsy93 (6580)
Seat 5: manggy94 (4930)
Seat 6: APACHES40 (2980)
Seat 7: Zegrossikp78 (2730)
Seat 8: ntkingrams (5240)
*** ANTE/BLINDS ***
manggy94 posts ante 10
juzam74 posts ante 10
lelensoi62 posts ante 10
Gabsy93 posts ante 10
APACHES40 posts ante 10
Zegrossikp78 posts ante 10
ntkingrams posts ante 10
manggy94 posts big blind 120
Dealt to manggy94 [Qd 5h]
*** PRE-FLOP *** 
APACHES40 calls 120
Zegrossikp78 folds
ntkingrams folds
juzam74 folds
lelensoi62 calls 120
Gabsy93 folds
manggy94 checks
*** FLOP *** [7h 3c Ks]
manggy94 checks
APACHES40 checks
lelensoi62 checks
*** TURN *** [7h 3c Ks][6h]
manggy94 checks
APACHES40 checks
lelensoi62 checks
*** RIVER *** [7h 3c Ks 6h][Jh]
manggy94 checks
APACHES40 checks
lelensoi62 checks
*** SHOW DOWN ***
manggy94 shows [Qd 5h] (High card : King)
APACHES40 shows [Qh 8s] (High card : King)
lelensoi62 shows [4h 4c] (One pair : 4)
lelensoi62 collected 430 from pot
*** SUMMARY ***
Total pot 430 | No rake
Board: [7h 3c Ks 6h Jh]
Seat 2: lelensoi62 showed [4h 4c] and won 430 with One pair : 4
Seat 5: manggy94 (big blind) showed [Qd 5h] and lost with High card : King
Seat 6: APACHES40 showed [Qh 8s] and lost with High card : King


Winamax Poker - Tournament "Freeroll" buyIn: 0€ + 0€ level: 7 - HandId: #693436273964089590-18-1466879780 - Holdem no limit (10/60/120) - 2016/06/25 18:36:20 UTC
Table: 'Freeroll(161453214)#0245' 8-max (real money) Seat #4 is the button
Seat 1: juzam74 (2980)
Seat 2: lelensoi62 (19850)
Seat 3: Gabsy93 (6570)
Seat 5: manggy94 (4800)
Seat 6: APACHES40 (2850)
Seat 7: Zegrossikp78 (2720)
Seat 8: ntkingrams (5230)
*** ANTE/BLINDS ***
manggy94 posts ante 10
APACHES40 posts ante 10
juzam74 posts ante 10
lelensoi62 posts ante 10
Gabsy93 posts ante 10
Zegrossikp78 posts ante 10
ntkingrams posts ante 10
manggy94 posts small blind 60
APACHES40 posts big blind 120
Dealt to manggy94 [Qd 6s]
*** PRE-FLOP *** 
Zegrossikp78 folds
ntkingrams folds
juzam74 folds
lelensoi62 folds
Gabsy93 folds
manggy94 calls 60
APACHES40 raises 310 to 430
manggy94 calls 310
*** FLOP *** [As 2h 5c]
manggy94 bets 120
APACHES40 raises 240 to 360
manggy94 folds
APACHES40 collected 1410 from pot
*** SUMMARY ***
Total pot 1410 | No rake
Board: [As 2h 5c]
Seat 6: APACHES40 (big blind) won 1410


Winamax Poker - Tournament "Freeroll" buyIn: 0€ + 0€ level: 8 - HandId: #693436273964089590-19-1466879813 - Holdem no limit (15/75/150) - 2016/06/25 18:36:53 UTC
Table: 'Freeroll(161453214)#0245' 8-max (real money) Seat #5 is the button
Seat 1: juzam74 (2970)
Seat 2: lelensoi62 (19840)
Seat 3: Gabsy93 (6560)
Seat 4: AAPACHAKK (2690)
Seat 5: manggy94 (4240)
Seat 6: APACHES40 (3460)
Seat 7: Zegrossikp78 (2710)
Seat 8: ntkingrams (5220)
*** ANTE/BLINDS ***
APACHES40 posts ante 15
Zegrossikp78 posts ante 15
juzam74 posts ante 15
lelensoi62 posts ante 15
Gabsy93 posts ante 15
AAPACHAKK posts ante 15
manggy94 posts ante 15
ntkingrams posts ante 15
APACHES40 posts small blind 75
Zegrossikp78 posts big blind 150
Dealt to manggy94 [Jh As]
*** PRE-FLOP *** 
ntkingrams folds
juzam74 folds
lelensoi62 raises 150 to 300
Gabsy93 folds
AAPACHAKK folds
manggy94 raises 945 to 1245
APACHES40 folds
Zegrossikp78 folds
lelensoi62 raises 945 to 2190
manggy94 calls 945
*** FLOP *** [Kd 6d Qc]
lelensoi62 bets 4725
manggy94 calls 2035 and is all-in
*** TURN *** [Kd 6d Qc][Kh]
*** RIVER *** [Kd 6d Qc Kh][Jd]
*** SHOW DOWN ***
manggy94 shows [Jh As] (Two pairs : Kings and Jacks)
lelensoi62 shows [Qd Th] (Two pairs : Kings and Queens)
lelensoi62 collected 11485 from pot
*** SUMMARY ***
Total pot 11485 | No rake
Board: [Kd 6d Qc Kh Jd]
Seat 2: lelensoi62 showed [Qd Th] and won 11485 with Two pairs : Kings and Queens
Seat 5: manggy94 (button) showed [Jh As] and lost with Two pairs : Kings and Jacks


