Winamax Poker - Tournament "Freeroll" buyIn: 0€ + 0€ level: 6 - HandId: #744646500474159134-10-1477956625 - Holdem no limit (60/120) - 2016/10/31 23:30:25 UTC
Table: 'Freeroll(173376524)#029' 8-max (real money) Seat #5 is the button
Seat 1: jgld2015 (9290)
Seat 2: hamzine74 (2465)
Seat 3: CP67 (3200)
Seat 4: manggy94 (3000)
Seat 5: Lukkyb67 (2400)
Seat 6: Davy831 (3680)
Seat 7: Iceberg Slim (2965)
Seat 8: ekinrot33 (3000)
*** ANTE/BLINDS ***
Davy831 posts small blind 60
Iceberg Slim posts big blind 120
Dealt to manggy94 [Qs 5s]
*** PRE-FLOP *** 
ekinrot33 folds
jgld2015 calls 120
hamzine74 raises 120 to 240
CP67 calls 240
manggy94 calls 240
Lukkyb67 folds
Davy831 folds
Iceberg Slim folds
jgld2015 calls 120
*** FLOP *** [2h 2d 2c]
jgld2015 bets 1140
hamzine74 folds
CP67 folds
manggy94 folds
jgld2015 collected 2280 from pot
*** SUMMARY ***
Total pot 2280 | No rake
Board: [2h 2d 2c]
Seat 1: jgld2015 won 2280


Winamax Poker - Tournament "Freeroll" buyIn: 0€ + 0€ level: 6 - HandId: #744646500474159134-11-1477956705 - Holdem no limit (60/120) - 2016/10/31 23:31:45 UTC
Table: 'Freeroll(173376524)#029' 8-max (real money) Seat #6 is the button
Seat 1: jgld2015 (10190)
Seat 2: hamzine74 (2225)
Seat 3: CP67 (2960)
Seat 4: manggy94 (2760)
Seat 5: Lukkyb67 (2400)
Seat 6: Davy831 (3620)
Seat 7: Iceberg Slim (2845)
Seat 8: ekinrot33 (3000)
*** ANTE/BLINDS ***
Iceberg Slim posts small blind 60
ekinrot33 posts big blind 120
Dealt to manggy94 [9d 6h]
*** PRE-FLOP *** 
jgld2015 calls 120
hamzine74 calls 120
CP67 calls 120
manggy94 folds
Lukkyb67 folds
Davy831 calls 120
Iceberg Slim folds
ekinrot33 folds
*** FLOP *** [Js Qc Ah]
jgld2015 checks
hamzine74 checks
CP67 bets 120
Davy831 folds
jgld2015 folds
hamzine74 folds
CP67 collected 780 from pot
*** SUMMARY ***
Total pot 780 | No rake
Board: [Js Qc Ah]
Seat 3: CP67 won 780


Winamax Poker - Tournament "Freeroll" buyIn: 0€ + 0€ level: 6 - HandId: #744646500474159134-12-1477956780 - Holdem no limit (60/120) - 2016/10/31 23:33:00 UTC
Table: 'Freeroll(173376524)#029' 8-max (real money) Seat #7 is the button
Seat 1: jgld2015 (10070)
Seat 2: hamzine74 (2105)
Seat 3: CP67 (3500)
Seat 4: manggy94 (2760)
Seat 5: Lukkyb67 (2400)
Seat 6: Davy831 (3500)
Seat 7: Iceberg Slim (2785)
Seat 8: ekinrot33 (2880)
*** ANTE/BLINDS ***
ekinrot33 posts small blind 60
jgld2015 posts big blind 120
Dealt to manggy94 [5h 4d]
*** PRE-FLOP *** 
hamzine74 calls 120
CP67 folds
manggy94 folds
Lukkyb67 folds
Davy831 calls 120
Iceberg Slim folds
ekinrot33 folds
jgld2015 checks
*** FLOP *** [3h Ts 6h]
jgld2015 checks
hamzine74 bets 120
Davy831 calls 120
jgld2015 calls 120
*** TURN *** [3h Ts 6h][Ac]
jgld2015 checks
hamzine74 checks
Davy831 checks
*** RIVER *** [3h Ts 6h Ac][Ah]
jgld2015 checks
hamzine74 checks
Davy831 bets 780
jgld2015 folds
hamzine74 folds
Davy831 collected 1560 from pot
*** SUMMARY ***
Total pot 1560 | No rake
Board: [3h Ts 6h Ac Ah]
Seat 6: Davy831 won 1560


Winamax Poker - Tournament "Freeroll" buyIn: 0€ + 0€ level: 7 - HandId: #744646500474159134-13-1477956903 - Holdem no limit (10/60/120) - 2016/10/31 23:35:03 UTC
Table: 'Freeroll(173376524)#029' 8-max (real money) Seat #8 is the button
Seat 1: jgld2015 (9830)
Seat 2: hamzine74 (1865)
Seat 3: CP67 (3500)
Seat 4: manggy94 (2760)
Seat 5: Lukkyb67 (2400)
Seat 6: Davy831 (4040)
Seat 7: Iceberg Slim (2785)
Seat 8: ekinrot33 (2820)
*** ANTE/BLINDS ***
jgld2015 posts ante 10
hamzine74 posts ante 10
CP67 posts ante 10
manggy94 posts ante 10
Lukkyb67 posts ante 10
Davy831 posts ante 10
Iceberg Slim posts ante 10
ekinrot33 posts ante 10
jgld2015 posts small blind 60
hamzine74 posts big blind 120
Dealt to manggy94 [9d Qh]
*** PRE-FLOP *** 
CP67 folds
manggy94 folds
Lukkyb67 calls 120
Davy831 calls 120
Iceberg Slim folds
ekinrot33 folds
jgld2015 calls 60
hamzine74 checks
*** FLOP *** [4s 6c Th]
jgld2015 bets 120
hamzine74 folds
Lukkyb67 folds
Davy831 calls 120
*** TURN *** [4s 6c Th][Qs]
jgld2015 bets 120
Davy831 calls 120
*** RIVER *** [4s 6c Th Qs][7s]
jgld2015 bets 1040
Davy831 calls 1040
*** SHOW DOWN ***
Davy831 shows [As 6h] (One pair : 6)
jgld2015 shows [7h Tc] (Two pairs : Tens and 7)
jgld2015 collected 3120 from pot
*** SUMMARY ***
Total pot 3120 | No rake
Board: [4s 6c Th Qs 7s]
Seat 1: jgld2015 (small blind) showed [7h Tc] and won 3120 with Two pairs : Tens and 7
Seat 6: Davy831 showed [As 6h] and lost with One pair : 6


Winamax Poker - Tournament "Freeroll" buyIn: 0€ + 0€ level: 8 - HandId: #744646500474159134-14-1477956986 - Holdem no limit (15/75/150) - 2016/10/31 23:36:26 UTC
Table: 'Freeroll(173376524)#029' 8-max (real money) Seat #1 is the button
Seat 1: jgld2015 (11540)
Seat 2: hamzine74 (1735)
Seat 3: CP67 (3490)
Seat 4: manggy94 (2750)
Seat 5: Lukkyb67 (2270)
Seat 6: Davy831 (2630)
Seat 7: Iceberg Slim (2775)
Seat 8: ekinrot33 (2810)
*** ANTE/BLINDS ***
hamzine74 posts ante 15
CP67 posts ante 15
jgld2015 posts ante 15
manggy94 posts ante 15
Lukkyb67 posts ante 15
Davy831 posts ante 15
Iceberg Slim posts ante 15
ekinrot33 posts ante 15
hamzine74 posts small blind 75
CP67 posts big blind 150
Dealt to manggy94 [3c 6d]
*** PRE-FLOP *** 
manggy94 folds
Lukkyb67 folds
Davy831 calls 150
Iceberg Slim folds
ekinrot33 folds
jgld2015 calls 150
hamzine74 calls 75
CP67 folds
*** FLOP *** [3d 4c Ah]
hamzine74 bets 150
Davy831 calls 150
jgld2015 folds
*** TURN *** [3d 4c Ah][3s]
hamzine74 checks
Davy831 checks
*** RIVER *** [3d 4c Ah 3s][8h]
hamzine74 checks
Davy831 bets 1020
hamzine74 calls 1020
*** SHOW DOWN ***
Davy831 shows [Qd Kc] (One pair : 3)
hamzine74 shows [4h 7c] (Two pairs : 4 and 3)
hamzine74 collected 3060 from pot
*** SUMMARY ***
Total pot 3060 | No rake
Board: [3d 4c Ah 3s 8h]
Seat 2: hamzine74 (small blind) showed [4h 7c] and won 3060 with Two pairs : 4 and 3
Seat 6: Davy831 showed [Qd Kc] and lost with One pair : 3


Winamax Poker - Tournament "Freeroll" buyIn: 0€ + 0€ level: 8 - HandId: #744646500474159134-15-1477957035 - Holdem no limit (15/75/150) - 2016/10/31 23:37:15 UTC
Table: 'Freeroll(173376524)#029' 8-max (real money) Seat #2 is the button
Seat 1: jgld2015 (11375)
Seat 2: hamzine74 (3460)
Seat 3: CP67 (3325)
Seat 4: manggy94 (2735)
Seat 5: Lukkyb67 (2255)
Seat 6: Davy831 (1295)
Seat 7: Iceberg Slim (2760)
Seat 8: ekinrot33 (2795)
*** ANTE/BLINDS ***
CP67 posts ante 15
manggy94 posts ante 15
jgld2015 posts ante 15
hamzine74 posts ante 15
Lukkyb67 posts ante 15
Davy831 posts ante 15
Iceberg Slim posts ante 15
ekinrot33 posts ante 15
CP67 posts small blind 75
manggy94 posts big blind 150
Dealt to manggy94 [4c As]
*** PRE-FLOP *** 
Lukkyb67 calls 150
Davy831 folds
Iceberg Slim folds
ekinrot33 folds
jgld2015 folds
hamzine74 folds
CP67 folds
manggy94 checks
*** FLOP *** [Ac 3s 9d]
manggy94 bets 150
Lukkyb67 raises 1940 to 2090 and is all-in
manggy94 calls 1940
*** TURN *** [Ac 3s 9d][2c]
*** RIVER *** [Ac 3s 9d 2c][Qc]
*** SHOW DOWN ***
manggy94 shows [4c As] (One pair : Aces)
Lukkyb67 shows [5s Ad] (One pair : Aces)
Lukkyb67 collected 4675 from pot
*** SUMMARY ***
Total pot 4675 | No rake
Board: [Ac 3s 9d 2c Qc]
Seat 4: manggy94 (big blind) showed [4c As] and lost with One pair : Aces
Seat 5: Lukkyb67 showed [5s Ad] and won 4675 with One pair : Aces


Winamax Poker - Tournament "Freeroll" buyIn: 0€ + 0€ level: 8 - HandId: #744646500474159134-16-1477957082 - Holdem no limit (15/75/150) - 2016/10/31 23:38:02 UTC
Table: 'Freeroll(173376524)#029' 8-max (real money) Seat #3 is the button
Seat 1: jgld2015 (11360)
Seat 2: hamzine74 (3445)
Seat 3: CP67 (3235)
Seat 4: manggy94 (480)
Seat 5: Lukkyb67 (4675)
Seat 6: Davy831 (1280)
Seat 7: Iceberg Slim (2745)
Seat 8: ekinrot33 (2780)
*** ANTE/BLINDS ***
manggy94 posts ante 15
Lukkyb67 posts ante 15
jgld2015 posts ante 15
hamzine74 posts ante 15
CP67 posts ante 15
Davy831 posts ante 15
Iceberg Slim posts ante 15
ekinrot33 posts ante 15
manggy94 posts small blind 75
Lukkyb67 posts big blind 150
Dealt to manggy94 [3c 7d]
*** PRE-FLOP *** 
Davy831 calls 150
Iceberg Slim folds
ekinrot33 calls 150
jgld2015 calls 150
hamzine74 folds
CP67 folds
manggy94 folds
Lukkyb67 checks
*** FLOP *** [5c Jc 5s]
Lukkyb67 bets 150
Davy831 calls 150
ekinrot33 folds
jgld2015 calls 150
*** TURN *** [5c Jc 5s][3s]
Lukkyb67 bets 150
Davy831 calls 150
jgld2015 calls 150
*** RIVER *** [5c Jc 5s 3s][Qh]
Lukkyb67 bets 150
Davy831 folds
jgld2015 calls 150
*** SHOW DOWN ***
jgld2015 shows [Qs Kh] (Two pairs : Queens and 5)
Lukkyb67 shows [9h 5d] (Trips of 5)
Lukkyb67 collected 1995 from pot
*** SUMMARY ***
Total pot 1995 | No rake
Board: [5c Jc 5s 3s Qh]
Seat 1: jgld2015 showed [Qs Kh] and lost with Two pairs : Queens and 5
Seat 5: Lukkyb67 (big blind) showed [9h 5d] and won 1995 with Trips of 5


Winamax Poker - Tournament "Freeroll" buyIn: 0€ + 0€ level: 9 - HandId: #744646500474159134-17-1477957200 - Holdem no limit (20/100/200) - 2016/10/31 23:40:00 UTC
Table: 'Freeroll(173376524)#029' 8-max (real money) Seat #4 is the button
Seat 1: jgld2015 (10745)
Seat 2: hamzine74 (3430)
Seat 3: CP67 (3220)
Seat 4: manggy94 (390)
Seat 5: Lukkyb67 (6055)
Seat 6: Davy831 (815)
Seat 7: Iceberg Slim (2730)
Seat 8: ekinrot33 (2615)
*** ANTE/BLINDS ***
Lukkyb67 posts ante 20
Davy831 posts ante 20
jgld2015 posts ante 20
hamzine74 posts ante 20
CP67 posts ante 20
manggy94 posts ante 20
Iceberg Slim posts ante 20
ekinrot33 posts ante 20
Lukkyb67 posts small blind 100
Davy831 posts big blind 200
Dealt to manggy94 [Td 6s]
*** PRE-FLOP *** 
Iceberg Slim folds
ekinrot33 folds
jgld2015 calls 200
hamzine74 folds
CP67 folds
manggy94 folds
Lukkyb67 folds
Davy831 checks
*** FLOP *** [Qc Qh 4c]
Davy831 checks
jgld2015 checks
*** TURN *** [Qc Qh 4c][9d]
Davy831 checks
jgld2015 bets 200
Davy831 folds
jgld2015 collected 860 from pot
*** SUMMARY ***
Total pot 860 | No rake
Board: [Qc Qh 4c 9d]
Seat 1: jgld2015 won 860


Winamax Poker - Tournament "Freeroll" buyIn: 0€ + 0€ level: 9 - HandId: #744646500474159134-18-1477957256 - Holdem no limit (20/100/200) - 2016/10/31 23:40:56 UTC
Table: 'Freeroll(173376524)#029' 8-max (real money) Seat #5 is the button
Seat 1: jgld2015 (11185)
Seat 2: hamzine74 (3410)
Seat 3: CP67 (3200)
Seat 4: manggy94 (370)
Seat 5: Lukkyb67 (5935)
Seat 6: Davy831 (595)
Seat 7: Iceberg Slim (2710)
Seat 8: ekinrot33 (2595)
*** ANTE/BLINDS ***
Davy831 posts ante 20
Iceberg Slim posts ante 20
jgld2015 posts ante 20
hamzine74 posts ante 20
CP67 posts ante 20
manggy94 posts ante 20
Lukkyb67 posts ante 20
ekinrot33 posts ante 20
Davy831 posts small blind 100
Iceberg Slim posts big blind 200
Dealt to manggy94 [Jh 2c]
*** PRE-FLOP *** 
ekinrot33 folds
jgld2015 calls 200
hamzine74 folds
CP67 folds
manggy94 folds
Lukkyb67 raises 5715 to 5915 and is all-in
Davy831 calls 475 and is all-in
Iceberg Slim folds
jgld2015 folds
*** FLOP *** [8s 3c Ah]
*** TURN *** [8s 3c Ah][9d]
*** RIVER *** [8s 3c Ah 9d][7c]
*** SHOW DOWN ***
Davy831 shows [Qh Qc] (One pair : Queens)
Lukkyb67 shows [Kc Ac] (One pair : Aces)
Lukkyb67 collected 7050 from pot
*** SUMMARY ***
Total pot 7050 | No rake
Board: [8s 3c Ah 9d 7c]
Seat 5: Lukkyb67 (button) showed [Kc Ac] and won 7050 with One pair : Aces
Seat 6: Davy831 (small blind) showed [Qh Qc] and lost with One pair : Queens


Winamax Poker - Tournament "Freeroll" buyIn: 0€ + 0€ level: 9 - HandId: #744646500474159134-19-1477957281 - Holdem no limit (20/100/200) - 2016/10/31 23:41:21 UTC
Table: 'Freeroll(173376524)#029' 8-max (real money) Seat #6 is the button
Seat 1: jgld2015 (10965)
Seat 2: hamzine74 (3390)
Seat 3: CP67 (3180)
Seat 4: manggy94 (350)
Seat 5: Lukkyb67 (7050)
Seat 7: Iceberg Slim (2490)
Seat 8: ekinrot33 (2575)
*** ANTE/BLINDS ***
Iceberg Slim posts ante 20
ekinrot33 posts ante 20
jgld2015 posts ante 20
hamzine74 posts ante 20
CP67 posts ante 20
manggy94 posts ante 20
Lukkyb67 posts ante 20
Iceberg Slim posts small blind 100
ekinrot33 posts big blind 200
Dealt to manggy94 [9d Qc]
*** PRE-FLOP *** 
jgld2015 folds
hamzine74 calls 200
CP67 folds
manggy94 raises 130 to 330 and is all-in
Lukkyb67 folds
Iceberg Slim folds
ekinrot33 folds
hamzine74 calls 130
*** FLOP *** [7h 5h Qd]
*** TURN *** [7h 5h Qd][8s]
*** RIVER *** [7h 5h Qd 8s][9s]
*** SHOW DOWN ***
hamzine74 shows [3s 4h] (High card : Queen)
manggy94 shows [9d Qc] (Two pairs : Queens and 9)
manggy94 collected 1100 from pot
*** SUMMARY ***
Total pot 1100 | No rake
Board: [7h 5h Qd 8s 9s]
Seat 2: hamzine74 showed [3s 4h] and lost with High card : Queen
Seat 4: manggy94 showed [9d Qc] and won 1100 with Two pairs : Queens and 9


Winamax Poker - Tournament "Freeroll" buyIn: 0€ + 0€ level: 9 - HandId: #744646500474159134-20-1477957325 - Holdem no limit (20/100/200) - 2016/10/31 23:42:05 UTC
Table: 'Freeroll(173376524)#029' 8-max (real money) Seat #7 is the button
Seat 1: jgld2015 (10945)
Seat 2: hamzine74 (3040)
Seat 3: CP67 (3160)
Seat 4: manggy94 (1100)
Seat 5: Lukkyb67 (7030)
Seat 6: globule8 (3000)
Seat 7: Iceberg Slim (2370)
Seat 8: ekinrot33 (2355)
*** ANTE/BLINDS ***
ekinrot33 posts ante 20
jgld2015 posts ante 20
hamzine74 posts ante 20
CP67 posts ante 20
manggy94 posts ante 20
Lukkyb67 posts ante 20
globule8 posts ante 20
Iceberg Slim posts ante 20
ekinrot33 posts small blind 100
jgld2015 posts big blind 200
Dealt to manggy94 [Td 3d]
*** PRE-FLOP *** 
hamzine74 folds
CP67 folds
manggy94 folds
Lukkyb67 folds
globule8 folds
Iceberg Slim folds
ekinrot33 folds
jgld2015 collected 460 from pot
*** SUMMARY ***
Total pot 460 | No rake
Seat 1: jgld2015 (big blind) won 460


Winamax Poker - Tournament "Freeroll" buyIn: 0€ + 0€ level: 10 - HandId: #744646500474159134-21-1477957360 - Holdem no limit (25/125/250) - 2016/10/31 23:42:40 UTC
Table: 'Freeroll(173376524)#029' 8-max (real money) Seat #8 is the button
Seat 1: jgld2015 (11185)
Seat 2: hamzine74 (3020)
Seat 3: CP67 (3140)
Seat 4: manggy94 (1080)
Seat 5: Lukkyb67 (7010)
Seat 6: globule8 (2980)
Seat 7: Iceberg Slim (2350)
Seat 8: ekinrot33 (2235)
*** ANTE/BLINDS ***
jgld2015 posts ante 25
hamzine74 posts ante 25
CP67 posts ante 25
manggy94 posts ante 25
Lukkyb67 posts ante 25
globule8 posts ante 25
Iceberg Slim posts ante 25
ekinrot33 posts ante 25
jgld2015 posts small blind 125
hamzine74 posts big blind 250
Dealt to manggy94 [8d 4c]
*** PRE-FLOP *** 
CP67 folds
manggy94 folds
Lukkyb67 folds
globule8 folds
Iceberg Slim folds
ekinrot33 raises 250 to 500
jgld2015 folds
hamzine74 calls 250
*** FLOP *** [6s 9s 5h]
hamzine74 checks
ekinrot33 checks
*** TURN *** [6s 9s 5h][Jd]
hamzine74 checks
ekinrot33 bets 250
hamzine74 calls 250
*** RIVER *** [6s 9s 5h Jd][7c]
hamzine74 bets 1825
ekinrot33 calls 1460 and is all-in
*** SHOW DOWN ***
ekinrot33 shows [Tc Js] (One pair : Jacks)
hamzine74 shows [8h 8c] (Straight 9 high)
hamzine74 collected 5110 from pot
*** SUMMARY ***
Total pot 5110 | No rake
Board: [6s 9s 5h Jd 7c]
Seat 2: hamzine74 (big blind) showed [8h 8c] and won 5110 with Straight 9 high
Seat 8: ekinrot33 (button) showed [Tc Js] and lost with One pair : Jacks


Winamax Poker - Tournament "Freeroll" buyIn: 0€ + 0€ level: 10 - HandId: #744646500474159134-22-1477957433 - Holdem no limit (25/125/250) - 2016/10/31 23:43:53 UTC
Table: 'Freeroll(173376524)#029' 8-max (real money) Seat #1 is the button
Seat 1: jgld2015 (11035)
Seat 2: hamzine74 (5530)
Seat 3: CP67 (3115)
Seat 4: manggy94 (1055)
Seat 5: Lukkyb67 (6985)
Seat 6: globule8 (2955)
Seat 7: Iceberg Slim (2325)
*** ANTE/BLINDS ***
hamzine74 posts ante 25
CP67 posts ante 25
jgld2015 posts ante 25
manggy94 posts ante 25
Lukkyb67 posts ante 25
globule8 posts ante 25
Iceberg Slim posts ante 25
hamzine74 posts small blind 125
CP67 posts big blind 250
Dealt to manggy94 [Ts 9c]
*** PRE-FLOP *** 
manggy94 folds
Lukkyb67 folds
globule8 folds
Iceberg Slim raises 2050 to 2300 and is all-in
jgld2015 folds
hamzine74 folds
CP67 folds
Iceberg Slim collected 2850 from pot
*** SUMMARY ***
Total pot 2850 | No rake
Seat 7: Iceberg Slim won 2850


Winamax Poker - Tournament "Freeroll" buyIn: 0€ + 0€ level: 10 - HandId: #744646500474159134-23-1477957461 - Holdem no limit (25/125/250) - 2016/10/31 23:44:21 UTC
Table: 'Freeroll(173376524)#029' 8-max (real money) Seat #2 is the button
Seat 1: jgld2015 (11010)
Seat 2: hamzine74 (5380)
Seat 3: CP67 (2840)
Seat 4: manggy94 (1030)
Seat 5: Lukkyb67 (6960)
Seat 6: globule8 (2930)
Seat 7: Iceberg Slim (2850)
Seat 8: HELLBOY31 (2305)
*** ANTE/BLINDS ***
CP67 posts ante 25
manggy94 posts ante 25
jgld2015 posts ante 25
hamzine74 posts ante 25
Lukkyb67 posts ante 25
globule8 posts ante 25
Iceberg Slim posts ante 25
HELLBOY31 posts ante 25
CP67 posts small blind 125
manggy94 posts big blind 250
Dealt to manggy94 [As Ah]
*** PRE-FLOP *** 
Lukkyb67 folds
globule8 folds
Iceberg Slim folds
HELLBOY31 folds
jgld2015 folds
hamzine74 calls 250
CP67 folds
manggy94 raises 250 to 500
hamzine74 calls 250
*** FLOP *** [7c 8h 2d]
manggy94 bets 505 and is all-in
hamzine74 calls 505
*** TURN *** [7c 8h 2d][Jd]
*** RIVER *** [7c 8h 2d Jd][Ad]
*** SHOW DOWN ***
hamzine74 shows [Qh Tc] (High card : Ace)
manggy94 shows [As Ah] (Trips of Aces)
manggy94 collected 2335 from pot
*** SUMMARY ***
Total pot 2335 | No rake
Board: [7c 8h 2d Jd Ad]
Seat 2: hamzine74 (button) showed [Qh Tc] and lost with High card : Ace
Seat 4: manggy94 (big blind) showed [As Ah] and won 2335 with Trips of Aces


Winamax Poker - Tournament "Freeroll" buyIn: 0€ + 0€ level: 10 - HandId: #744646500474159134-24-1477957514 - Holdem no limit (25/125/250) - 2016/10/31 23:45:14 UTC
Table: 'Freeroll(173376524)#029' 8-max (real money) Seat #3 is the button
Seat 1: jgld2015 (10985)
Seat 2: hamzine74 (4350)
Seat 3: CP67 (2690)
Seat 4: manggy94 (2335)
Seat 5: Lukkyb67 (6935)
Seat 6: globule8 (2905)
Seat 7: Iceberg Slim (2825)
Seat 8: HELLBOY31 (2280)
*** ANTE/BLINDS ***
manggy94 posts ante 25
Lukkyb67 posts ante 25
jgld2015 posts ante 25
hamzine74 posts ante 25
CP67 posts ante 25
globule8 posts ante 25
Iceberg Slim posts ante 25
HELLBOY31 posts ante 25
manggy94 posts small blind 125
Lukkyb67 posts big blind 250
Dealt to manggy94 [7d Ah]
*** PRE-FLOP *** 
globule8 folds
Iceberg Slim raises 2550 to 2800 and is all-in
HELLBOY31 folds
jgld2015 folds
hamzine74 folds
CP67 folds
manggy94 folds
Lukkyb67 folds
Iceberg Slim collected 3375 from pot
*** SUMMARY ***
Total pot 3375 | No rake
Seat 7: Iceberg Slim won 3375


Winamax Poker - Tournament "Freeroll" buyIn: 0€ + 0€ level: 11 - HandId: #744646500474159134-25-1477957549 - Holdem no limit (35/150/300) - 2016/10/31 23:45:49 UTC
Table: 'Freeroll(173376524)#029' 8-max (real money) Seat #4 is the button
Seat 1: jgld2015 (10960)
Seat 2: hamzine74 (4325)
Seat 3: CP67 (2665)
Seat 4: manggy94 (2185)
Seat 5: Lukkyb67 (6660)
Seat 6: globule8 (2880)
Seat 7: Iceberg Slim (3375)
Seat 8: HELLBOY31 (2255)
*** ANTE/BLINDS ***
Lukkyb67 posts ante 35
globule8 posts ante 35
jgld2015 posts ante 35
hamzine74 posts ante 35
CP67 posts ante 35
manggy94 posts ante 35
Iceberg Slim posts ante 35
HELLBOY31 posts ante 35
Lukkyb67 posts small blind 150
globule8 posts big blind 300
Dealt to manggy94 [3s 4h]
*** PRE-FLOP *** 
Iceberg Slim folds
HELLBOY31 folds
jgld2015 calls 300
hamzine74 calls 300
CP67 folds
manggy94 folds
Lukkyb67 calls 150
globule8 raises 2545 to 2845 and is all-in
jgld2015 calls 2545
hamzine74 folds
Lukkyb67 folds
*** FLOP *** [8h 6d 5d]
*** TURN *** [8h 6d 5d][Ks]
*** RIVER *** [8h 6d 5d Ks][2d]
*** SHOW DOWN ***
jgld2015 shows [Jd Kh] (One pair : Kings)
globule8 shows [5h 5c] (Trips of 5)
globule8 collected 6570 from pot
*** SUMMARY ***
Total pot 6570 | No rake
Board: [8h 6d 5d Ks 2d]
Seat 1: jgld2015 showed [Jd Kh] and lost with One pair : Kings
Seat 6: globule8 (big blind) showed [5h 5c] and won 6570 with Trips of 5


Winamax Poker - Tournament "Freeroll" buyIn: 0€ + 0€ level: 11 - HandId: #744646500474159134-26-1477957597 - Holdem no limit (35/150/300) - 2016/10/31 23:46:37 UTC
Table: 'Freeroll(173376524)#029' 8-max (real money) Seat #5 is the button
Seat 1: jgld2015 (8080)
Seat 2: hamzine74 (3990)
Seat 3: CP67 (2630)
Seat 4: manggy94 (2150)
Seat 5: Lukkyb67 (6325)
Seat 6: globule8 (6570)
Seat 7: Iceberg Slim (3340)
Seat 8: HELLBOY31 (2220)
*** ANTE/BLINDS ***
globule8 posts ante 35
Iceberg Slim posts ante 35
jgld2015 posts ante 35
hamzine74 posts ante 35
CP67 posts ante 35
manggy94 posts ante 35
Lukkyb67 posts ante 35
HELLBOY31 posts ante 35
globule8 posts small blind 150
Iceberg Slim posts big blind 300
Dealt to manggy94 [Jd 3h]
*** PRE-FLOP *** 
HELLBOY31 folds
jgld2015 folds
hamzine74 calls 300
CP67 folds
manggy94 folds
Lukkyb67 folds
globule8 calls 150
Iceberg Slim raises 3005 to 3305 and is all-in
hamzine74 folds
globule8 folds
Iceberg Slim collected 4185 from pot
*** SUMMARY ***
Total pot 4185 | No rake
Seat 7: Iceberg Slim (big blind) won 4185


Winamax Poker - Tournament "Freeroll" buyIn: 0€ + 0€ level: 11 - HandId: #744646500474159134-27-1477957627 - Holdem no limit (35/150/300) - 2016/10/31 23:47:07 UTC
Table: 'Freeroll(173376524)#029' 8-max (real money) Seat #6 is the button
Seat 1: jgld2015 (8045)
Seat 2: hamzine74 (3655)
Seat 3: CP67 (2595)
Seat 4: manggy94 (2115)
Seat 5: Lukkyb67 (6290)
Seat 6: globule8 (6235)
Seat 7: Iceberg Slim (4185)
Seat 8: HELLBOY31 (2185)
*** ANTE/BLINDS ***
Iceberg Slim posts ante 35
HELLBOY31 posts ante 35
jgld2015 posts ante 35
hamzine74 posts ante 35
CP67 posts ante 35
manggy94 posts ante 35
Lukkyb67 posts ante 35
globule8 posts ante 35
Iceberg Slim posts small blind 150
HELLBOY31 posts big blind 300
Dealt to manggy94 [4c Kh]
*** PRE-FLOP *** 
jgld2015 folds
hamzine74 raises 300 to 600
CP67 folds
manggy94 folds
Lukkyb67 calls 600
globule8 folds
Iceberg Slim folds
HELLBOY31 folds
*** FLOP *** [Jd 9h Js]
hamzine74 bets 300
Lukkyb67 calls 300
*** TURN *** [Jd 9h Js][6s]
hamzine74 bets 300
Lukkyb67 calls 300
*** RIVER *** [Jd 9h Js 6s][4h]
hamzine74 checks
Lukkyb67 checks
*** SHOW DOWN ***
hamzine74 shows [Ac 3c] (One pair : Jacks)
Lukkyb67 shows [Ad 4d] (Two pairs : Jacks and 4)
Lukkyb67 collected 3130 from pot
*** SUMMARY ***
Total pot 3130 | No rake
Board: [Jd 9h Js 6s 4h]
Seat 2: hamzine74 showed [Ac 3c] and lost with One pair : Jacks
Seat 5: Lukkyb67 showed [Ad 4d] and won 3130 with Two pairs : Jacks and 4


Winamax Poker - Tournament "Freeroll" buyIn: 0€ + 0€ level: 11 - HandId: #744646500474159134-28-1477957680 - Holdem no limit (35/150/300) - 2016/10/31 23:48:00 UTC
Table: 'Freeroll(173376524)#029' 8-max (real money) Seat #7 is the button
Seat 1: jgld2015 (8010)
Seat 2: hamzine74 (2420)
Seat 3: CP67 (2560)
Seat 4: manggy94 (2080)
Seat 5: Lukkyb67 (8185)
Seat 6: globule8 (6200)
Seat 7: Iceberg Slim (4000)
Seat 8: HELLBOY31 (1850)
*** ANTE/BLINDS ***
HELLBOY31 posts ante 35
jgld2015 posts ante 35
hamzine74 posts ante 35
CP67 posts ante 35
manggy94 posts ante 35
Lukkyb67 posts ante 35
globule8 posts ante 35
Iceberg Slim posts ante 35
HELLBOY31 posts small blind 150
jgld2015 posts big blind 300
Dealt to manggy94 [9h 7d]
*** PRE-FLOP *** 
hamzine74 calls 300
CP67 folds
manggy94 folds
Lukkyb67 folds
globule8 calls 300
Iceberg Slim folds
HELLBOY31 folds
jgld2015 checks
*** FLOP *** [Ks 5h 5d]
jgld2015 checks
hamzine74 checks
globule8 bets 1050
jgld2015 folds
hamzine74 folds
globule8 collected 2380 from pot
*** SUMMARY ***
Total pot 2380 | No rake
Board: [Ks 5h 5d]
Seat 6: globule8 won 2380


Winamax Poker - Tournament "Freeroll" buyIn: 0€ + 0€ level: 12 - HandId: #744646500474159134-29-1477957756 - Holdem no limit (40/200/400) - 2016/10/31 23:49:16 UTC
Table: 'Freeroll(173376524)#029' 8-max (real money) Seat #8 is the button
Seat 1: jgld2015 (7675)
Seat 2: hamzine74 (2085)
Seat 3: CP67 (2525)
Seat 4: manggy94 (2045)
Seat 5: Lukkyb67 (8150)
Seat 6: globule8 (7195)
Seat 7: Iceberg Slim (3965)
Seat 8: HELLBOY31 (1665)
*** ANTE/BLINDS ***
jgld2015 posts ante 40
hamzine74 posts ante 40
CP67 posts ante 40
manggy94 posts ante 40
Lukkyb67 posts ante 40
globule8 posts ante 40
Iceberg Slim posts ante 40
HELLBOY31 posts ante 40
jgld2015 posts small blind 200
hamzine74 posts big blind 400
Dealt to manggy94 [Js 5h]
*** PRE-FLOP *** 
CP67 folds
manggy94 folds
Lukkyb67 folds
globule8 raises 600 to 1000
Iceberg Slim folds
HELLBOY31 folds
jgld2015 folds
hamzine74 folds
globule8 collected 1920 from pot
*** SUMMARY ***
Total pot 1920 | No rake
Seat 6: globule8 won 1920


Winamax Poker - Tournament "Freeroll" buyIn: 0€ + 0€ level: 12 - HandId: #744646500474159134-30-1477957781 - Holdem no limit (40/200/400) - 2016/10/31 23:49:41 UTC
Table: 'Freeroll(173376524)#029' 8-max (real money) Seat #1 is the button
Seat 1: jgld2015 (7435)
Seat 2: hamzine74 (1645)
Seat 3: CP67 (2485)
Seat 4: manggy94 (2005)
Seat 5: Lukkyb67 (8110)
Seat 6: globule8 (8075)
Seat 7: Iceberg Slim (3925)
Seat 8: HELLBOY31 (1625)
*** ANTE/BLINDS ***
hamzine74 posts ante 40
CP67 posts ante 40
jgld2015 posts ante 40
manggy94 posts ante 40
Lukkyb67 posts ante 40
globule8 posts ante 40
Iceberg Slim posts ante 40
HELLBOY31 posts ante 40
hamzine74 posts small blind 200
CP67 posts big blind 400
Dealt to manggy94 [Qh Tc]
*** PRE-FLOP *** 
manggy94 calls 400
Lukkyb67 folds
globule8 folds
Iceberg Slim folds
HELLBOY31 folds
jgld2015 calls 400
hamzine74 raises 400 to 800
CP67 folds
manggy94 calls 400
jgld2015 raises 400 to 1200
hamzine74 calls 400
manggy94 calls 400
*** FLOP *** [3h Qd 2c]
hamzine74 bets 405 and is all-in
manggy94 calls 405
jgld2015 raises 405 to 810
manggy94 calls 360 and is all-in
*** TURN *** [3h Qd 2c][7s]
*** RIVER *** [3h Qd 2c 7s][Jc]
*** SHOW DOWN ***
hamzine74 shows [Ad Kh] (High card : Ace)
jgld2015 shows [Ks Js] (One pair : Jacks)
manggy94 shows [Qh Tc] (One pair : Queens)
manggy94 collected 6255 from main pot
jgld2015 collected 45 from side pot 1
*** SUMMARY ***
Total pot 6300 | No rake
Board: [3h Qd 2c 7s Jc]
Seat 1: jgld2015 (button) showed [Ks Js] and won 45 with One pair : Jacks
Seat 2: hamzine74 (small blind) showed [Ad Kh] and lost with High card : Ace
Seat 4: manggy94 showed [Qh Tc] and won 6255 with One pair : Queens


Winamax Poker - Tournament "Freeroll" buyIn: 0€ + 0€ level: 12 - HandId: #744646500474159134-31-1477957848 - Holdem no limit (40/200/400) - 2016/10/31 23:50:48 UTC
Table: 'Freeroll(173376524)#029' 8-max (real money) Seat #2 is the button
Seat 1: jgld2015 (5430)
Seat 3: CP67 (2045)
Seat 4: manggy94 (6255)
Seat 5: Lukkyb67 (8070)
Seat 6: globule8 (8035)
Seat 7: Iceberg Slim (3885)
Seat 8: HELLBOY31 (1585)
*** ANTE/BLINDS ***
CP67 posts ante 40
manggy94 posts ante 40
jgld2015 posts ante 40
Lukkyb67 posts ante 40
globule8 posts ante 40
Iceberg Slim posts ante 40
HELLBOY31 posts ante 40
CP67 posts small blind 200
manggy94 posts big blind 400
Dealt to manggy94 [9h Jc]
*** PRE-FLOP *** 
Lukkyb67 folds
globule8 folds
Iceberg Slim folds
HELLBOY31 folds
jgld2015 calls 400
CP67 folds
manggy94 checks
*** FLOP *** [8d Tc 4c]
manggy94 bets 400
jgld2015 calls 400
*** TURN *** [8d Tc 4c][8h]
manggy94 checks
jgld2015 checks
*** RIVER *** [8d Tc 4c 8h][7d]
manggy94 bets 2080
jgld2015 folds
manggy94 collected 4160 from pot
*** SUMMARY ***
Total pot 4160 | No rake
Board: [8d Tc 4c 8h 7d]
Seat 4: manggy94 (big blind) won 4160


Winamax Poker - Tournament "Freeroll" buyIn: 0€ + 0€ level: 13 - HandId: #744646500474159134-32-1477957890 - Holdem no limit (50/250/500) - 2016/10/31 23:51:30 UTC
Table: 'Freeroll(173376524)#029' 8-max (real money) Seat #3 is the button
Seat 1: jgld2015 (4590)
Seat 2: Lee Winny (13250)
Seat 3: CP67 (1805)
Seat 4: manggy94 (7495)
Seat 5: Lukkyb67 (8030)
Seat 6: globule8 (7995)
Seat 7: Iceberg Slim (3845)
Seat 8: HELLBOY31 (1545)
*** ANTE/BLINDS ***
manggy94 posts ante 50
Lukkyb67 posts ante 50
jgld2015 posts ante 50
Lee Winny posts ante 50
CP67 posts ante 50
globule8 posts ante 50
Iceberg Slim posts ante 50
HELLBOY31 posts ante 50
manggy94 posts small blind 250
Lukkyb67 posts big blind 500
Dealt to manggy94 [Ad 3d]
*** PRE-FLOP *** 
globule8 folds
Iceberg Slim folds
HELLBOY31 folds
jgld2015 folds
Lee Winny raises 1000 to 1500
CP67 folds
manggy94 calls 1250
Lukkyb67 calls 1000
*** FLOP *** [5c Js 8d]
manggy94 checks
Lukkyb67 bets 500
Lee Winny calls 500
manggy94 folds
*** TURN *** [5c Js 8d][Qs]
Lukkyb67 bets 500
Lee Winny calls 500
*** RIVER *** [5c Js 8d Qs][3s]
Lukkyb67 bets 500
Lee Winny calls 500
*** SHOW DOWN ***
Lukkyb67 shows [9d Jd] (One pair : Jacks)
Lee Winny shows [Ks Qd] (One pair : Queens)
Lee Winny collected 7900 from pot
*** SUMMARY ***
Total pot 7900 | No rake
Board: [5c Js 8d Qs 3s]
Seat 2: Lee Winny showed [Ks Qd] and won 7900 with One pair : Queens
Seat 5: Lukkyb67 (big blind) showed [9d Jd] and lost with One pair : Jacks


Winamax Poker - Tournament "Freeroll" buyIn: 0€ + 0€ level: 13 - HandId: #744646500474159134-33-1477957942 - Holdem no limit (50/250/500) - 2016/10/31 23:52:22 UTC
Table: 'Freeroll(173376524)#029' 8-max (real money) Seat #4 is the button
Seat 1: jgld2015 (4540)
Seat 2: Lee Winny (18100)
Seat 3: CP67 (1755)
Seat 4: manggy94 (5945)
Seat 5: Lukkyb67 (4980)
Seat 6: globule8 (7945)
Seat 7: Iceberg Slim (3795)
Seat 8: HELLBOY31 (1495)
*** ANTE/BLINDS ***
Lukkyb67 posts ante 50
globule8 posts ante 50
jgld2015 posts ante 50
Lee Winny posts ante 50
CP67 posts ante 50
manggy94 posts ante 50
Iceberg Slim posts ante 50
HELLBOY31 posts ante 50
Lukkyb67 posts small blind 250
globule8 posts big blind 500
Dealt to manggy94 [9s Ac]
*** PRE-FLOP *** 
Iceberg Slim folds
HELLBOY31 folds
jgld2015 raises 3990 to 4490 and is all-in
Lee Winny folds
CP67 folds
manggy94 calls 4490
Lukkyb67 folds
globule8 folds
*** FLOP *** [6h 9h 2d]
*** TURN *** [6h 9h 2d][9d]
*** RIVER *** [6h 9h 2d 9d][Kc]
*** SHOW DOWN ***
jgld2015 shows [2h Ad] (Two pairs : 9 and 2)
manggy94 shows [9s Ac] (Trips of 9)
manggy94 collected 10130 from pot
*** SUMMARY ***
Total pot 10130 | No rake
Board: [6h 9h 2d 9d Kc]
Seat 1: jgld2015 showed [2h Ad] and lost with Two pairs : 9 and 2
Seat 4: manggy94 (button) showed [9s Ac] and won 10130 with Trips of 9


Winamax Poker - Tournament "Freeroll" buyIn: 0€ + 0€ level: 13 - HandId: #744646500474159134-34-1477957982 - Holdem no limit (50/250/500) - 2016/10/31 23:53:02 UTC
Table: 'Freeroll(173376524)#029' 8-max (real money) Seat #5 is the button
Seat 2: Lee Winny (18050)
Seat 3: CP67 (1705)
Seat 4: manggy94 (11535)
Seat 5: Lukkyb67 (4680)
Seat 6: globule8 (7395)
Seat 7: Iceberg Slim (3745)
Seat 8: HELLBOY31 (1445)
*** ANTE/BLINDS ***
globule8 posts ante 50
Iceberg Slim posts ante 50
Lee Winny posts ante 50
CP67 posts ante 50
manggy94 posts ante 50
Lukkyb67 posts ante 50
HELLBOY31 posts ante 50
globule8 posts small blind 250
Iceberg Slim posts big blind 500
Dealt to manggy94 [6d Ks]
*** PRE-FLOP *** 
HELLBOY31 folds
Lee Winny raises 500 to 1000
CP67 folds
manggy94 folds
Lukkyb67 folds
globule8 folds
Iceberg Slim folds
Lee Winny collected 2100 from pot
*** SUMMARY ***
Total pot 2100 | No rake
Seat 2: Lee Winny won 2100


Winamax Poker - Tournament "Freeroll" buyIn: 0€ + 0€ level: 13 - HandId: #744646500474159134-35-1477958001 - Holdem no limit (50/250/500) - 2016/10/31 23:53:21 UTC
Table: 'Freeroll(173376524)#029' 8-max (real money) Seat #6 is the button
Seat 1: Tichaud (5505)
Seat 2: Lee Winny (19100)
Seat 3: CP67 (1655)
Seat 4: manggy94 (11485)
Seat 5: Lukkyb67 (4630)
Seat 6: globule8 (7095)
Seat 7: Iceberg Slim (3195)
Seat 8: HELLBOY31 (1395)
*** ANTE/BLINDS ***
Iceberg Slim posts ante 50
HELLBOY31 posts ante 50
Tichaud posts ante 50
Lee Winny posts ante 50
CP67 posts ante 50
manggy94 posts ante 50
Lukkyb67 posts ante 50
globule8 posts ante 50
Iceberg Slim posts small blind 250
HELLBOY31 posts big blind 500
Dealt to manggy94 [3d Qh]
*** PRE-FLOP *** 
Tichaud calls 500
Lee Winny folds
CP67 folds
manggy94 folds
Lukkyb67 calls 500
globule8 calls 500
Iceberg Slim folds
HELLBOY31 folds
*** FLOP *** [Kd 8s Ah]
Tichaud bets 1912
Lukkyb67 folds
globule8 folds
Tichaud collected 4562 from pot
*** SUMMARY ***
Total pot 4562 | No rake
Board: [Kd 8s Ah]
Seat 1: Tichaud won 4562


Winamax Poker - Tournament "Freeroll" buyIn: 0€ + 0€ level: 13 - HandId: #744646500474159134-36-1477958040 - Holdem no limit (50/250/500) - 2016/10/31 23:54:00 UTC
Table: 'Freeroll(173376524)#029' 8-max (real money) Seat #7 is the button
Seat 1: Tichaud (7605)
Seat 2: Lee Winny (19050)
Seat 3: CP67 (1605)
Seat 4: manggy94 (11435)
Seat 5: Lukkyb67 (4080)
Seat 6: globule8 (6545)
Seat 7: Iceberg Slim (2895)
Seat 8: HELLBOY31 (845)
*** ANTE/BLINDS ***
HELLBOY31 posts ante 50
Tichaud posts ante 50
Lee Winny posts ante 50
CP67 posts ante 50
manggy94 posts ante 50
Lukkyb67 posts ante 50
globule8 posts ante 50
Iceberg Slim posts ante 50
HELLBOY31 posts small blind 250
Tichaud posts big blind 500
Dealt to manggy94 [Jc Kc]
*** PRE-FLOP *** 
Lee Winny calls 500
CP67 folds
manggy94 calls 500
Lukkyb67 folds
globule8 folds
Iceberg Slim folds
HELLBOY31 folds
Tichaud checks
*** FLOP *** [8s 5s Tc]
Tichaud bets 500
Lee Winny calls 500
manggy94 calls 500
*** TURN *** [8s 5s Tc][3h]
Tichaud checks
Lee Winny bets 1825
manggy94 folds
Tichaud folds
Lee Winny collected 5475 from pot
*** SUMMARY ***
Total pot 5475 | No rake
Board: [8s 5s Tc 3h]
Seat 2: Lee Winny won 5475


Winamax Poker - Tournament "Freeroll" buyIn: 0€ + 0€ level: 14 - HandId: #744646500474159134-37-1477958078 - Holdem no limit (70/300/600) - 2016/10/31 23:54:38 UTC
Table: 'Freeroll(173376524)#029' 8-max (real money) Seat #8 is the button
Seat 1: Tichaud (6555)
Seat 2: Lee Winny (21650)
Seat 3: CP67 (1555)
Seat 4: manggy94 (10385)
Seat 5: Lukkyb67 (4030)
Seat 6: globule8 (6495)
Seat 7: Iceberg Slim (2845)
Seat 8: HELLBOY31 (545)
*** ANTE/BLINDS ***
Tichaud posts ante 70
Lee Winny posts ante 70
CP67 posts ante 70
manggy94 posts ante 70
Lukkyb67 posts ante 70
globule8 posts ante 70
Iceberg Slim posts ante 70
HELLBOY31 posts ante 70
Tichaud posts small blind 300
Lee Winny posts big blind 600
Dealt to manggy94 [8d 4h]
*** PRE-FLOP *** 
CP67 folds
manggy94 folds
Lukkyb67 folds
globule8 raises 1800 to 2400
Iceberg Slim folds
HELLBOY31 folds
Tichaud calls 2100
Lee Winny folds
*** FLOP *** [7s 6h 7d]
Tichaud checks
globule8 checks
*** TURN *** [7s 6h 7d][8h]
Tichaud bets 600
globule8 calls 600
*** RIVER *** [7s 6h 7d 8h][Jd]
Tichaud bets 600
globule8 calls 600
*** SHOW DOWN ***
globule8 shows [Tc Ah] (One pair : 7)
Tichaud shows [Ac Qh] (One pair : 7)
Tichaud collected 8360 from pot
*** SUMMARY ***
Total pot 8360 | No rake
Board: [7s 6h 7d 8h Jd]
Seat 1: Tichaud (small blind) showed [Ac Qh] and won 8360 with One pair : 7
Seat 6: globule8 showed [Tc Ah] and lost with One pair : 7


Winamax Poker - Tournament "Freeroll" buyIn: 0€ + 0€ level: 14 - HandId: #744646500474159134-38-1477958402 - Holdem no limit (70/300/600) - 2016/11/01 00:00:02 UTC
Table: 'Freeroll(173376524)#029' 8-max (real money) Seat #1 is the button
Seat 1: Tichaud (11245)
Seat 2: Lee Winny (20980)
Seat 3: CP67 (1485)
Seat 4: manggy94 (10315)
Seat 5: Lukkyb67 (3960)
Seat 6: globule8 (2825)
Seat 7: Iceberg Slim (2775)
Seat 8: HELLBOY31 (475)
*** ANTE/BLINDS ***
Lee Winny posts ante 70
CP67 posts ante 70
Tichaud posts ante 70
manggy94 posts ante 70
Lukkyb67 posts ante 70
globule8 posts ante 70
Iceberg Slim posts ante 70
HELLBOY31 posts ante 70
Lee Winny posts small blind 300
CP67 posts big blind 600
Dealt to manggy94 [9c 4h]
*** PRE-FLOP *** 
manggy94 folds
Lukkyb67 folds
globule8 folds
Iceberg Slim folds
HELLBOY31 folds
Tichaud calls 600
Lee Winny calls 300
CP67 folds
*** FLOP *** [Qh 9s Th]
Lee Winny checks
Tichaud bets 600
Lee Winny calls 600
*** TURN *** [Qh 9s Th][6c]
Lee Winny checks
Tichaud bets 600
Lee Winny calls 600
*** RIVER *** [Qh 9s Th 6c][Kh]
Lee Winny checks
Tichaud checks
*** SHOW DOWN ***
Lee Winny shows [6s 7s] (One pair : 6)
Tichaud shows [Tc 4c] (One pair : Tens)
Tichaud collected 4760 from pot
*** SUMMARY ***
Total pot 4760 | No rake
Board: [Qh 9s Th 6c Kh]
Seat 1: Tichaud (button) showed [Tc 4c] and won 4760 with One pair : Tens
Seat 2: Lee Winny (small blind) showed [6s 7s] and lost with One pair : 6


Winamax Poker - Tournament "Freeroll" buyIn: 0€ + 0€ level: 14 - HandId: #744646500474159134-39-1477958477 - Holdem no limit (70/300/600) - 2016/11/01 00:01:17 UTC
Table: 'Freeroll(173376524)#029' 8-max (real money) Seat #2 is the button
Seat 1: Tichaud (14135)
Seat 2: Lee Winny (19110)
Seat 3: CP67 (815)
Seat 4: manggy94 (10245)
Seat 5: Lukkyb67 (3890)
Seat 6: globule8 (2755)
Seat 7: Iceberg Slim (2705)
Seat 8: HELLBOY31 (405)
*** ANTE/BLINDS ***
CP67 posts ante 70
manggy94 posts ante 70
Tichaud posts ante 70
Lee Winny posts ante 70
Lukkyb67 posts ante 70
globule8 posts ante 70
Iceberg Slim posts ante 70
HELLBOY31 posts ante 70
CP67 posts small blind 300
manggy94 posts big blind 600
Dealt to manggy94 [5h 2h]
*** PRE-FLOP *** 
Lukkyb67 raises 3220 to 3820 and is all-in
globule8 folds
Iceberg Slim folds
HELLBOY31 folds
Tichaud folds
Lee Winny folds
CP67 calls 445 and is all-in
manggy94 folds
*** FLOP *** [Tc Ah 2s]
*** TURN *** [Tc Ah 2s][5s]
*** RIVER *** [Tc Ah 2s 5s][Ks]
*** SHOW DOWN ***
CP67 shows [8s Ac] (One pair : Aces)
Lukkyb67 shows [5d 5c] (Trips of 5)
Lukkyb67 collected 5725 from pot
*** SUMMARY ***
Total pot 5725 | No rake
Board: [Tc Ah 2s 5s Ks]
Seat 3: CP67 (small blind) showed [8s Ac] and lost with One pair : Aces
Seat 5: Lukkyb67 showed [5d 5c] and won 5725 with Trips of 5


Winamax Poker - Tournament "Freeroll" buyIn: 0€ + 0€ level: 14 - HandId: #744646500474159134-40-1477958515 - Holdem no limit (70/300/600) - 2016/11/01 00:01:55 UTC
Table: 'Freeroll(173376524)#029' 8-max (real money) Seat #3 is the button
Seat 1: Tichaud (14065)
Seat 2: Lee Winny (19040)
Seat 4: manggy94 (9575)
Seat 5: Lukkyb67 (5725)
Seat 6: globule8 (2685)
Seat 7: Iceberg Slim (2635)
Seat 8: HELLBOY31 (335)
*** ANTE/BLINDS ***
manggy94 posts ante 70
Lukkyb67 posts ante 70
Tichaud posts ante 70
Lee Winny posts ante 70
globule8 posts ante 70
Iceberg Slim posts ante 70
HELLBOY31 posts ante 70
manggy94 posts small blind 300
Lukkyb67 posts big blind 600
Dealt to manggy94 [Kc Qh]
*** PRE-FLOP *** 
globule8 raises 2015 to 2615 and is all-in
Iceberg Slim folds
HELLBOY31 folds
Tichaud folds
Lee Winny folds
manggy94 calls 2315
Lukkyb67 folds
*** FLOP *** [7h 3c 4d]
*** TURN *** [7h 3c 4d][2s]
*** RIVER *** [7h 3c 4d 2s][6s]
*** SHOW DOWN ***
manggy94 shows [Kc Qh] (High card : King)
globule8 shows [6d Ah] (One pair : 6)
globule8 collected 6320 from pot
*** SUMMARY ***
Total pot 6320 | No rake
Board: [7h 3c 4d 2s 6s]
Seat 4: manggy94 (small blind) showed [Kc Qh] and lost with High card : King
Seat 6: globule8 showed [6d Ah] and won 6320 with One pair : 6


Winamax Poker - Tournament "Freeroll" buyIn: 0€ + 0€ level: 14 - HandId: #744646500474159134-41-1477958539 - Holdem no limit (70/300/600) - 2016/11/01 00:02:19 UTC
Table: 'Freeroll(173376524)#029' 8-max (real money) Seat #4 is the button
Seat 1: Tichaud (13995)
Seat 2: Lee Winny (18970)
Seat 4: manggy94 (6890)
Seat 5: Lukkyb67 (5055)
Seat 6: globule8 (6320)
Seat 7: Iceberg Slim (2565)
Seat 8: HELLBOY31 (265)
*** ANTE/BLINDS ***
Lukkyb67 posts ante 70
globule8 posts ante 70
Tichaud posts ante 70
Lee Winny posts ante 70
manggy94 posts ante 70
Iceberg Slim posts ante 70
HELLBOY31 posts ante 70
Lukkyb67 posts small blind 300
globule8 posts big blind 600
Dealt to manggy94 [8s Qd]
*** PRE-FLOP *** 
Iceberg Slim folds
HELLBOY31 folds
Tichaud calls 600
Lee Winny calls 600
manggy94 folds
Lukkyb67 folds
globule8 checks
*** FLOP *** [2d 8c 4d]
globule8 checks
Tichaud bets 600
Lee Winny folds
globule8 calls 600
*** TURN *** [2d 8c 4d][3d]
globule8 checks
Tichaud bets 600
globule8 calls 600
*** RIVER *** [2d 8c 4d 3d][Tc]
globule8 checks
Tichaud checks
*** SHOW DOWN ***
Tichaud shows [9c Ac] (High card : Ace)
globule8 shows [2h Qc] (One pair : 2)
globule8 collected 4990 from pot
*** SUMMARY ***
Total pot 4990 | No rake
Board: [2d 8c 4d 3d Tc]
Seat 1: Tichaud showed [9c Ac] and lost with High card : Ace
Seat 6: globule8 (big blind) showed [2h Qc] and won 4990 with One pair : 2


Winamax Poker - Tournament "Freeroll" buyIn: 0€ + 0€ level: 15 - HandId: #744646500474159134-42-1477958609 - Holdem no limit (80/400/800) - 2016/11/01 00:03:29 UTC
Table: 'Freeroll(173376524)#029' 8-max (real money) Seat #5 is the button
Seat 1: Tichaud (12125)
Seat 2: Lee Winny (18300)
Seat 3: Acracia (29506)
Seat 4: manggy94 (6820)
Seat 5: Lukkyb67 (4685)
Seat 6: globule8 (9440)
Seat 7: Iceberg Slim (2495)
Seat 8: HELLBOY31 (195)
*** ANTE/BLINDS ***
globule8 posts ante 80
Iceberg Slim posts ante 80
Tichaud posts ante 80
Lee Winny posts ante 80
Acracia posts ante 80
manggy94 posts ante 80
Lukkyb67 posts ante 80
HELLBOY31 posts ante 80
globule8 posts small blind 400
Iceberg Slim posts big blind 800
Dealt to manggy94 [8h 3c]
*** PRE-FLOP *** 
HELLBOY31 folds
Tichaud folds
Lee Winny raises 800 to 1600
Acracia folds
manggy94 folds
Lukkyb67 folds
globule8 folds
Iceberg Slim folds
Lee Winny collected 3440 from pot
*** SUMMARY ***
Total pot 3440 | No rake
Seat 2: Lee Winny won 3440


Winamax Poker - Tournament "Freeroll" buyIn: 0€ + 0€ level: 15 - HandId: #744646500474159134-43-1477958632 - Holdem no limit (80/400/800) - 2016/11/01 00:03:52 UTC
Table: 'Freeroll(173376524)#029' 8-max (real money) Seat #6 is the button
Seat 1: Tichaud (12045)
Seat 2: Lee Winny (20060)
Seat 3: Acracia (29426)
Seat 4: manggy94 (6740)
Seat 5: Lukkyb67 (4605)
Seat 6: globule8 (8960)
Seat 7: Iceberg Slim (1615)
Seat 8: HELLBOY31 (115)
*** ANTE/BLINDS ***
Iceberg Slim posts ante 80
HELLBOY31 posts ante 80
Tichaud posts ante 80
Lee Winny posts ante 80
Acracia posts ante 80
manggy94 posts ante 80
Lukkyb67 posts ante 80
globule8 posts ante 80
Iceberg Slim posts small blind 400
HELLBOY31 posts big blind 35 and is all-in
Dealt to manggy94 [5h 6c]
*** PRE-FLOP *** 
Tichaud folds
Lee Winny folds
Acracia folds
manggy94 folds
Lukkyb67 folds
globule8 calls 800
Iceberg Slim folds
*** FLOP *** [9h Kc 7h]
*** TURN *** [9h Kc 7h][Jc]
*** RIVER *** [9h Kc 7h Jc][Th]
*** SHOW DOWN ***
HELLBOY31 shows [Ad 3s] (High card : Ace)
globule8 shows [Qh Jh] (Flush Queen high)
globule8 collected 1875 from pot
*** SUMMARY ***
Total pot 1875 | No rake
Board: [9h Kc 7h Jc Th]
Seat 6: globule8 (button) showed [Qh Jh] and won 1875 with Flush Queen high
Seat 8: HELLBOY31 (big blind) showed [Ad 3s] and lost with High card : Ace


Winamax Poker - Tournament "Freeroll" buyIn: 0€ + 0€ level: 15 - HandId: #744646500474159134-44-1477958675 - Holdem no limit (80/400/800) - 2016/11/01 00:04:35 UTC
Table: 'Freeroll(173376524)#029' 8-max (real money) Seat #7 is the button
Seat 1: Tichaud (11965)
Seat 2: Lee Winny (19980)
Seat 3: Acracia (29346)
Seat 4: manggy94 (6660)
Seat 5: Lukkyb67 (4525)
Seat 6: globule8 (9955)
Seat 7: Iceberg Slim (1135)
*** ANTE/BLINDS ***
Tichaud posts ante 80
Lee Winny posts ante 80
Acracia posts ante 80
manggy94 posts ante 80
Lukkyb67 posts ante 80
globule8 posts ante 80
Iceberg Slim posts ante 80
Tichaud posts big blind 800
Dealt to manggy94 [7s Kh]
*** PRE-FLOP *** 
Lee Winny folds
Acracia folds
manggy94 folds
Lukkyb67 folds
globule8 folds
Iceberg Slim folds
Tichaud collected 1360 from pot
*** SUMMARY ***
Total pot 1360 | No rake
Seat 1: Tichaud (big blind) won 1360


Winamax Poker - Tournament "Freeroll" buyIn: 0€ + 0€ level: 15 - HandId: #744646500474159134-45-1477958690 - Holdem no limit (80/400/800) - 2016/11/01 00:04:50 UTC
Table: 'Freeroll(173376524)#029' 8-max (real money) Seat #8 is the button
Seat 1: Tichaud (12445)
Seat 2: Lee Winny (19900)
Seat 3: Acracia (29266)
Seat 4: manggy94 (6580)
Seat 5: Lukkyb67 (4445)
Seat 6: globule8 (9875)
Seat 7: Iceberg Slim (1055)
*** ANTE/BLINDS ***
Tichaud posts ante 80
Lee Winny posts ante 80
Acracia posts ante 80
manggy94 posts ante 80
Lukkyb67 posts ante 80
globule8 posts ante 80
Iceberg Slim posts ante 80
Tichaud posts small blind 400
Lee Winny posts big blind 800
Dealt to manggy94 [5d 4c]
*** PRE-FLOP *** 
Acracia folds
manggy94 folds
Lukkyb67 folds
globule8 folds
Iceberg Slim folds
Tichaud calls 400
Lee Winny checks
*** FLOP *** [As Jc 5s]
Tichaud bets 800
Lee Winny folds
Tichaud collected 2960 from pot
*** SUMMARY ***
Total pot 2960 | No rake
Board: [As Jc 5s]
Seat 1: Tichaud (small blind) won 2960


Winamax Poker - Tournament "Freeroll" buyIn: 0€ + 0€ level: 15 - HandId: #744646500474159134-46-1477958715 - Holdem no limit (80/400/800) - 2016/11/01 00:05:15 UTC
Table: 'Freeroll(173376524)#029' 8-max (real money) Seat #1 is the button
Seat 1: Tichaud (13725)
Seat 2: Lee Winny (19020)
Seat 3: Acracia (29186)
Seat 4: manggy94 (6500)
Seat 5: Lukkyb67 (4365)
Seat 6: globule8 (9795)
Seat 7: Iceberg Slim (975)
Seat 8: melissa1912 (15985)
*** ANTE/BLINDS ***
Lee Winny posts ante 80
Acracia posts ante 80
Tichaud posts ante 80
manggy94 posts ante 80
Lukkyb67 posts ante 80
globule8 posts ante 80
Iceberg Slim posts ante 80
melissa1912 posts ante 80
Lee Winny posts small blind 400
Acracia posts big blind 800
Dealt to manggy94 [9c 2s]
*** PRE-FLOP *** 
manggy94 folds
Lukkyb67 raises 3485 to 4285 and is all-in
globule8 folds
Iceberg Slim calls 895 and is all-in
melissa1912 folds
Tichaud folds
Lee Winny folds
Acracia folds
*** FLOP *** [8s 7d Qs]
*** TURN *** [8s 7d Qs][6d]
*** RIVER *** [8s 7d Qs 6d][Ad]
*** SHOW DOWN ***
Lukkyb67 shows [Th As] (One pair : Aces)
Iceberg Slim shows [Qh Qc] (Trips of Queens)
Iceberg Slim collected 3630 from main pot
Lukkyb67 collected 3390 from side pot 1
*** SUMMARY ***
Total pot 7020 | No rake
Board: [8s 7d Qs 6d Ad]
Seat 5: Lukkyb67 showed [Th As] and won 3390 with One pair : Aces
Seat 7: Iceberg Slim showed [Qh Qc] and won 3630 with Trips of Queens


Winamax Poker - Tournament "Freeroll" buyIn: 0€ + 0€ level: 16 - HandId: #744646500474159134-47-1477958738 - Holdem no limit (100/500/1000) - 2016/11/01 00:05:38 UTC
Table: 'Freeroll(173376524)#029' 8-max (real money) Seat #2 is the button
Seat 1: Tichaud (13645)
Seat 2: Lee Winny (18540)
Seat 3: Acracia (28306)
Seat 4: manggy94 (6420)
Seat 5: Lukkyb67 (3390)
Seat 6: globule8 (9715)
Seat 7: Iceberg Slim (3630)
Seat 8: melissa1912 (15905)
*** ANTE/BLINDS ***
Acracia posts ante 100
manggy94 posts ante 100
Tichaud posts ante 100
Lee Winny posts ante 100
Lukkyb67 posts ante 100
globule8 posts ante 100
Iceberg Slim posts ante 100
melissa1912 posts ante 100
Acracia posts small blind 500
manggy94 posts big blind 1000
Dealt to manggy94 [7h 2c]
*** PRE-FLOP *** 
Lukkyb67 folds
globule8 folds
Iceberg Slim folds
melissa1912 folds
Tichaud calls 1000
Lee Winny folds
Acracia folds
manggy94 checks
*** FLOP *** [7c 8c Td]
manggy94 bets 1000
Tichaud folds
manggy94 collected 4300 from pot
*** SUMMARY ***
Total pot 4300 | No rake
Board: [7c 8c Td]
Seat 4: manggy94 (big blind) won 4300


Winamax Poker - Tournament "Freeroll" buyIn: 0€ + 0€ level: 16 - HandId: #744646500474159134-48-1477958795 - Holdem no limit (100/500/1000) - 2016/11/01 00:06:35 UTC
Table: 'Freeroll(173376524)#029' 8-max (real money) Seat #3 is the button
Seat 1: Tichaud (12545)
Seat 2: Lee Winny (18440)
Seat 3: Acracia (27706)
Seat 4: manggy94 (8620)
Seat 5: Lukkyb67 (3290)
Seat 6: globule8 (9615)
Seat 7: Iceberg Slim (3530)
Seat 8: melissa1912 (15805)
*** ANTE/BLINDS ***
manggy94 posts ante 100
Lukkyb67 posts ante 100
Tichaud posts ante 100
Lee Winny posts ante 100
Acracia posts ante 100
globule8 posts ante 100
Iceberg Slim posts ante 100
melissa1912 posts ante 100
manggy94 posts small blind 500
Lukkyb67 posts big blind 1000
Dealt to manggy94 [6h 6c]
*** PRE-FLOP *** 
globule8 raises 2000 to 3000
Iceberg Slim folds
melissa1912 folds
Tichaud folds
Lee Winny folds
Acracia calls 3000
manggy94 folds
Lukkyb67 raises 190 to 3190 and is all-in
globule8 calls 190
Acracia calls 190
*** FLOP *** [9h 5s Ad]
globule8 checks
Acracia checks
*** TURN *** [9h 5s Ad][Qc]
globule8 checks
Acracia checks
*** RIVER *** [9h 5s Ad Qc][4s]
globule8 checks
Acracia checks
*** SHOW DOWN ***
Acracia shows [Jh Kh] (High card : Ace)
globule8 shows [Jd Ks] (High card : Ace)
Lukkyb67 shows [Qd 8d] (One pair : Queens)
Lukkyb67 collected 10870 from pot
*** SUMMARY ***
Total pot 10870 | No rake
Board: [9h 5s Ad Qc 4s]
Seat 3: Acracia (button) showed [Jh Kh] and lost with High card : Ace
Seat 5: Lukkyb67 (big blind) showed [Qd 8d] and won 10870 with One pair : Queens
Seat 6: globule8 showed [Jd Ks] and lost with High card : Ace


Winamax Poker - Tournament "Freeroll" buyIn: 0€ + 0€ level: 16 - HandId: #744646500474159134-49-1477958849 - Holdem no limit (100/500/1000) - 2016/11/01 00:07:29 UTC
Table: 'Freeroll(173376524)#029' 8-max (real money) Seat #4 is the button
Seat 1: Tichaud (12445)
Seat 2: Lee Winny (18340)
Seat 3: Acracia (24416)
Seat 4: manggy94 (8020)
Seat 5: Lukkyb67 (10870)
Seat 6: globule8 (6325)
Seat 7: Iceberg Slim (3430)
Seat 8: melissa1912 (15705)
*** ANTE/BLINDS ***
Lukkyb67 posts ante 100
globule8 posts ante 100
Tichaud posts ante 100
Lee Winny posts ante 100
Acracia posts ante 100
manggy94 posts ante 100
Iceberg Slim posts ante 100
melissa1912 posts ante 100
Lukkyb67 posts small blind 500
globule8 posts big blind 1000
Dealt to manggy94 [6d 4d]
*** PRE-FLOP *** 
Iceberg Slim folds
melissa1912 folds
Tichaud folds
Lee Winny folds
Acracia folds
manggy94 folds
Lukkyb67 calls 500
globule8 checks
*** FLOP *** [Qs Qd Ac]
Lukkyb67 bets 1000
globule8 folds
Lukkyb67 collected 3800 from pot
*** SUMMARY ***
Total pot 3800 | No rake
Board: [Qs Qd Ac]
Seat 5: Lukkyb67 (small blind) won 3800


Winamax Poker - Tournament "Freeroll" buyIn: 0€ + 0€ level: 17 - HandId: #744646500474159134-50-1477958921 - Holdem no limit (135/600/1200) - 2016/11/01 00:08:41 UTC
Table: 'Freeroll(173376524)#029' 8-max (real money) Seat #5 is the button
Seat 1: Tichaud (12345)
Seat 2: Lee Winny (18240)
Seat 3: Acracia (24316)
Seat 4: manggy94 (7920)
Seat 5: Lukkyb67 (12570)
Seat 6: globule8 (5225)
Seat 7: Iceberg Slim (3330)
Seat 8: melissa1912 (15605)
*** ANTE/BLINDS ***
globule8 posts ante 135
Iceberg Slim posts ante 135
Tichaud posts ante 135
Lee Winny posts ante 135
Acracia posts ante 135
manggy94 posts ante 135
Lukkyb67 posts ante 135
melissa1912 posts ante 135
globule8 posts small blind 600
Iceberg Slim posts big blind 1200
Dealt to manggy94 [7s 4c]
*** PRE-FLOP *** 
melissa1912 folds
Tichaud calls 1200
Lee Winny calls 1200
Acracia folds
manggy94 folds
Lukkyb67 folds
globule8 folds
Iceberg Slim checks
*** FLOP *** [As 2s 7c]
Iceberg Slim checks
Tichaud bets 1200
Lee Winny folds
Iceberg Slim raises 795 to 1995 and is all-in
Tichaud calls 795
*** TURN *** [As 2s 7c][2c]
*** RIVER *** [As 2s 7c 2c][3s]
*** SHOW DOWN ***
Tichaud shows [Td Ah] (Two pairs : Aces and 2)
Iceberg Slim shows [Qs Ts] (Flush Ace high)
Iceberg Slim collected 9270 from pot
*** SUMMARY ***
Total pot 9270 | No rake
Board: [As 2s 7c 2c 3s]
Seat 1: Tichaud showed [Td Ah] and lost with Two pairs : Aces and 2
Seat 7: Iceberg Slim (big blind) showed [Qs Ts] and won 9270 with Flush Ace high


Winamax Poker - Tournament "Freeroll" buyIn: 0€ + 0€ level: 17 - HandId: #744646500474159134-51-1477958956 - Holdem no limit (135/600/1200) - 2016/11/01 00:09:16 UTC
Table: 'Freeroll(173376524)#029' 8-max (real money) Seat #6 is the button
Seat 1: Tichaud (9015)
Seat 2: Lee Winny (16905)
Seat 3: Acracia (24181)
Seat 4: manggy94 (7785)
Seat 5: Lukkyb67 (12435)
Seat 6: globule8 (4490)
Seat 7: Iceberg Slim (9270)
Seat 8: melissa1912 (15470)
*** ANTE/BLINDS ***
Iceberg Slim posts ante 135
melissa1912 posts ante 135
Tichaud posts ante 135
Lee Winny posts ante 135
Acracia posts ante 135
manggy94 posts ante 135
Lukkyb67 posts ante 135
globule8 posts ante 135
Iceberg Slim posts small blind 600
melissa1912 posts big blind 1200
Dealt to manggy94 [Jc 8s]
*** PRE-FLOP *** 
Tichaud calls 1200
Lee Winny raises 4800 to 6000
Acracia folds
manggy94 folds
Lukkyb67 folds
globule8 folds
Iceberg Slim folds
melissa1912 folds
Tichaud folds
Lee Winny collected 10080 from pot
*** SUMMARY ***
Total pot 10080 | No rake
Seat 2: Lee Winny won 10080


Winamax Poker - Tournament "Freeroll" buyIn: 0€ + 0€ level: 17 - HandId: #744646500474159134-52-1477958976 - Holdem no limit (135/600/1200) - 2016/11/01 00:09:36 UTC
Table: 'Freeroll(173376524)#029' 8-max (real money) Seat #7 is the button
Seat 1: Tichaud (7680)
Seat 2: Lee Winny (20850)
Seat 3: Acracia (24046)
Seat 4: manggy94 (7650)
Seat 5: Lukkyb67 (12300)
Seat 6: globule8 (4355)
Seat 7: Iceberg Slim (8535)
Seat 8: melissa1912 (14135)
*** ANTE/BLINDS ***
melissa1912 posts ante 135
Tichaud posts ante 135
Lee Winny posts ante 135
Acracia posts ante 135
manggy94 posts ante 135
Lukkyb67 posts ante 135
globule8 posts ante 135
Iceberg Slim posts ante 135
melissa1912 posts small blind 600
Tichaud posts big blind 1200
Dealt to manggy94 [8d 3c]
*** PRE-FLOP *** 
Lee Winny raises 4080 to 5280
Acracia folds
manggy94 folds
Lukkyb67 folds
globule8 folds
Iceberg Slim folds
melissa1912 folds
Tichaud folds
Lee Winny collected 8160 from pot
*** SUMMARY ***
Total pot 8160 | No rake
Seat 2: Lee Winny won 8160


Winamax Poker - Tournament "Freeroll" buyIn: 0€ + 0€ level: 17 - HandId: #744646500474159134-53-1477958997 - Holdem no limit (135/600/1200) - 2016/11/01 00:09:57 UTC
Table: 'Freeroll(173376524)#029' 8-max (real money) Seat #8 is the button
Seat 1: Tichaud (6345)
Seat 2: Lee Winny (23595)
Seat 3: Acracia (23911)
Seat 4: manggy94 (7515)
Seat 5: Lukkyb67 (12165)
Seat 6: globule8 (4220)
Seat 7: Iceberg Slim (8400)
Seat 8: melissa1912 (13400)
*** ANTE/BLINDS ***
Tichaud posts ante 135
Lee Winny posts ante 135
Acracia posts ante 135
manggy94 posts ante 135
Lukkyb67 posts ante 135
globule8 posts ante 135
Iceberg Slim posts ante 135
melissa1912 posts ante 135
Tichaud posts small blind 600
Lee Winny posts big blind 1200
Dealt to manggy94 [Kc As]
*** PRE-FLOP *** 
Acracia folds
manggy94 raises 2400 to 3600
Lukkyb67 calls 3600
globule8 folds
Iceberg Slim folds
melissa1912 folds
Tichaud folds
Lee Winny raises 12480 to 16080
manggy94 calls 3780 and is all-in
Lukkyb67 calls 8430 and is all-in
*** FLOP *** [Td Kd 2d]
*** TURN *** [Td Kd 2d][6s]
*** RIVER *** [Td Kd 2d 6s][Jh]
*** SHOW DOWN ***
manggy94 shows [Kc As] (One pair : Kings)
Lee Winny shows [9c 9d] (One pair : 9)
Lukkyb67 shows [Ts Th] (Trips of Tens)
Lukkyb67 collected 33120 from main pot
Lee Winny collected 4050 from side pot 1
*** SUMMARY ***
Total pot 37170 | No rake
Board: [Td Kd 2d 6s Jh]
Seat 2: Lee Winny (big blind) showed [9c 9d] and won 4050 with One pair : 9
Seat 4: manggy94 showed [Kc As] and lost with One pair : Kings
Seat 5: Lukkyb67 showed [Ts Th] and won 33120 with Trips of Tens


