Winamax Poker - Tournament "Hold'em" buyIn: 0.22€ + 0.03€ level: 7 - HandId: #698486244971118597-34-1467970086 - Holdem no limit (30/200/400) - 2016/07/08 09:28:06 UTC
Table: 'Hold'em(162629002)#004' 6-max (real money) Seat #2 is the button
Seat 1: Templaris (52825)
Seat 2: Immortell999 (20830)
Seat 3: chelsea12700 (31172)
Seat 5: Aaron76 (12610)
Seat 6: manggy94 (10000)
*** ANTE/BLINDS ***
chelsea12700 posts ante 30
Aaron76 posts ante 30
Templaris posts ante 30
Immortell999 posts ante 30
manggy94 posts ante 30
chelsea12700 posts small blind 200
Aaron76 posts big blind 400
Dealt to manggy94 [7h Ad]
*** PRE-FLOP *** 
manggy94 folds
Templaris folds
Immortell999 raises 555 to 955
chelsea12700 calls 755
Aaron76 folds
*** FLOP *** [Qh Jc 3d]
chelsea12700 checks
Immortell999 bets 1230
chelsea12700 folds
Immortell999 collected 3690 from pot
*** SUMMARY ***
Total pot 3690 | No rake
Board: [Qh Jc 3d]
Seat 2: Immortell999 (button) won 3690


Winamax Poker - Tournament "Hold'em" buyIn: 0.22€ + 0.03€ level: 7 - HandId: #698486244971118597-35-1467970122 - Holdem no limit (30/200/400) - 2016/07/08 09:28:42 UTC
Table: 'Hold'em(162629002)#004' 6-max (real money) Seat #3 is the button
Seat 1: Templaris (52795)
Seat 2: Immortell999 (22305)
Seat 3: chelsea12700 (30187)
Seat 4: djayem (10000)
Seat 5: Aaron76 (12180)
Seat 6: manggy94 (9970)
*** ANTE/BLINDS ***
Aaron76 posts ante 30
manggy94 posts ante 30
Templaris posts ante 30
Immortell999 posts ante 30
chelsea12700 posts ante 30
Aaron76 posts small blind 200
manggy94 posts big blind 400
Dealt to manggy94 [3s 6h]
*** PRE-FLOP *** 
Templaris folds
Immortell999 raises 400 to 800
chelsea12700 folds
Aaron76 folds
manggy94 calls 400
*** FLOP *** [2c 6c 4c]
manggy94 bets 400
Immortell999 folds
manggy94 collected 2350 from pot
*** SUMMARY ***
Total pot 2350 | No rake
Board: [2c 6c 4c]
Seat 6: manggy94 (big blind) won 2350


Winamax Poker - Tournament "Hold'em" buyIn: 0.22€ + 0.03€ level: 7 - HandId: #698486244971118597-36-1467970141 - Holdem no limit (30/200/400) - 2016/07/08 09:29:01 UTC
Table: 'Hold'em(162629002)#004' 6-max (real money) Seat #5 is the button
Seat 1: Templaris (52765)
Seat 2: Immortell999 (21475)
Seat 3: chelsea12700 (30157)
Seat 4: djayem (10000)
Seat 5: Aaron76 (11950)
Seat 6: manggy94 (11090)
*** ANTE/BLINDS ***
manggy94 posts ante 30
Templaris posts ante 30
Immortell999 posts ante 30
chelsea12700 posts ante 30
djayem posts ante 30
Aaron76 posts ante 30
manggy94 posts small blind 200
Templaris posts big blind 400
Dealt to manggy94 [Kh 4h]
*** PRE-FLOP *** 
Immortell999 raises 400 to 800
chelsea12700 calls 800
djayem calls 800
Aaron76 folds
manggy94 folds
Templaris calls 400
*** FLOP *** [Jc 4d 7s]
Templaris checks
Immortell999 checks
chelsea12700 checks
djayem checks
*** TURN *** [Jc 4d 7s][Ks]
Templaris checks
Immortell999 bets 1790
chelsea12700 folds
djayem folds
Templaris calls 1790
*** RIVER *** [Jc 4d 7s Ks][7h]
Templaris checks
Immortell999 checks
*** SHOW DOWN ***
Templaris shows [3d Kd] (Two pairs : Kings and 7)
Immortell999 shows [Tc Kc] (Two pairs : Kings and 7)
Immortell999 collected 3580 from pot
Templaris collected 3580 from pot
*** SUMMARY ***
Total pot 7160 | No rake
Board: [Jc 4d 7s Ks 7h]
Seat 1: Templaris (big blind) showed [3d Kd] and won 3580 with Two pairs : Kings and 7
Seat 2: Immortell999 showed [Tc Kc] and won 3580 with Two pairs : Kings and 7


Winamax Poker - Tournament "Hold'em" buyIn: 0.22€ + 0.03€ level: 7 - HandId: #698486244971118597-37-1467970227 - Holdem no limit (30/200/400) - 2016/07/08 09:30:27 UTC
Table: 'Hold'em(162629002)#004' 6-max (real money) Seat #6 is the button
Seat 1: Templaris (53725)
Seat 2: Immortell999 (22435)
Seat 3: chelsea12700 (29327)
Seat 4: djayem (9170)
Seat 5: Aaron76 (11920)
Seat 6: manggy94 (10860)
*** ANTE/BLINDS ***
Templaris posts ante 30
Immortell999 posts ante 30
chelsea12700 posts ante 30
djayem posts ante 30
Aaron76 posts ante 30
manggy94 posts ante 30
Templaris posts small blind 200
Immortell999 posts big blind 400
Dealt to manggy94 [4d 7c]
*** PRE-FLOP *** 
chelsea12700 folds
djayem folds
Aaron76 folds
manggy94 folds
Templaris calls 200
Immortell999 checks
*** FLOP *** [Jc 3h Qd]
Templaris checks
Immortell999 checks
*** TURN *** [Jc 3h Qd][Qh]
Templaris checks
Immortell999 checks
*** RIVER *** [Jc 3h Qd Qh][6d]
Templaris checks
Immortell999 checks
*** SHOW DOWN ***
Immortell999 shows [9s 2h] (One pair : Queens)
Templaris shows [Kh 9d] (One pair : Queens)
Templaris collected 980 from pot
*** SUMMARY ***
Total pot 980 | No rake
Board: [Jc 3h Qd Qh 6d]
Seat 1: Templaris (small blind) showed [Kh 9d] and won 980 with One pair : Queens
Seat 2: Immortell999 (big blind) showed [9s 2h] and lost with One pair : Queens


Winamax Poker - Tournament "Hold'em" buyIn: 0.22€ + 0.03€ level: 7 - HandId: #698486244971118597-38-1467970301 - Holdem no limit (30/200/400) - 2016/07/08 09:31:41 UTC
Table: 'Hold'em(162629002)#004' 6-max (real money) Seat #1 is the button
Seat 1: Templaris (54275)
Seat 2: Immortell999 (22005)
Seat 3: chelsea12700 (29297)
Seat 4: djayem (9140)
Seat 5: Aaron76 (11890)
Seat 6: manggy94 (10830)
*** ANTE/BLINDS ***
Immortell999 posts ante 30
chelsea12700 posts ante 30
Templaris posts ante 30
djayem posts ante 30
Aaron76 posts ante 30
manggy94 posts ante 30
Immortell999 posts small blind 200
chelsea12700 posts big blind 400
Dealt to manggy94 [Tc 4s]
*** PRE-FLOP *** 
djayem folds
Aaron76 folds
manggy94 folds
Templaris raises 600 to 1000
Immortell999 folds
chelsea12700 folds
Templaris collected 1780 from pot
*** SUMMARY ***
Total pot 1780 | No rake
Seat 1: Templaris (button) won 1780


Winamax Poker - Tournament "Hold'em" buyIn: 0.22€ + 0.03€ level: 8 - HandId: #698486244971118597-39-1467970338 - Holdem no limit (40/250/500) - 2016/07/08 09:32:18 UTC
Table: 'Hold'em(162629002)#004' 6-max (real money) Seat #2 is the button
Seat 1: Templaris (55025)
Seat 2: Immortell999 (21775)
Seat 3: chelsea12700 (28867)
Seat 4: djayem (9110)
Seat 5: Aaron76 (11860)
Seat 6: manggy94 (10800)
*** ANTE/BLINDS ***
chelsea12700 posts ante 40
djayem posts ante 40
Templaris posts ante 40
Immortell999 posts ante 40
Aaron76 posts ante 40
manggy94 posts ante 40
chelsea12700 posts small blind 250
djayem posts big blind 500
Dealt to manggy94 [Qd Th]
*** PRE-FLOP *** 
Aaron76 folds
manggy94 folds
Templaris raises 750 to 1250
Immortell999 folds
chelsea12700 calls 1000
djayem folds
*** FLOP *** [8s 2s 6s]
chelsea12700 checks
Templaris checks
*** TURN *** [8s 2s 6s][As]
chelsea12700 checks
Templaris checks
*** RIVER *** [8s 2s 6s As][8h]
chelsea12700 bets 3240
Templaris folds
chelsea12700 collected 6480 from pot
*** SUMMARY ***
Total pot 6480 | No rake
Board: [8s 2s 6s As 8h]
Seat 3: chelsea12700 (small blind) won 6480


Winamax Poker - Tournament "Hold'em" buyIn: 0.22€ + 0.03€ level: 8 - HandId: #698486244971118597-40-1467970394 - Holdem no limit (40/250/500) - 2016/07/08 09:33:14 UTC
Table: 'Hold'em(162629002)#004' 6-max (real money) Seat #3 is the button
Seat 1: Templaris (53735)
Seat 2: Immortell999 (21735)
Seat 3: chelsea12700 (30817)
Seat 4: djayem (8570)
Seat 5: Aaron76 (11820)
Seat 6: manggy94 (10760)
*** ANTE/BLINDS ***
djayem posts ante 40
Aaron76 posts ante 40
Templaris posts ante 40
Immortell999 posts ante 40
chelsea12700 posts ante 40
manggy94 posts ante 40
djayem posts small blind 250
Aaron76 posts big blind 500
Dealt to manggy94 [Qs 5s]
*** PRE-FLOP *** 
manggy94 folds
Templaris folds
Immortell999 raises 500 to 1000
chelsea12700 folds
djayem folds
Aaron76 folds
Immortell999 collected 1990 from pot
*** SUMMARY ***
Total pot 1990 | No rake
Seat 2: Immortell999 won 1990


Winamax Poker - Tournament "Hold'em" buyIn: 0.22€ + 0.03€ level: 8 - HandId: #698486244971118597-41-1467970454 - Holdem no limit (40/250/500) - 2016/07/08 09:34:14 UTC
Table: 'Hold'em(162629002)#004' 6-max (real money) Seat #4 is the button
Seat 1: Templaris (53695)
Seat 2: Immortell999 (22685)
Seat 3: chelsea12700 (30777)
Seat 4: djayem (8280)
Seat 5: Aaron76 (11280)
Seat 6: manggy94 (10720)
*** ANTE/BLINDS ***
Aaron76 posts ante 40
manggy94 posts ante 40
Templaris posts ante 40
Immortell999 posts ante 40
chelsea12700 posts ante 40
djayem posts ante 40
Aaron76 posts small blind 250
manggy94 posts big blind 500
Dealt to manggy94 [Qh 4h]
*** PRE-FLOP *** 
Templaris folds
Immortell999 folds
chelsea12700 folds
djayem folds
Aaron76 calls 250
manggy94 checks
*** FLOP *** [7d 9d 7h]
Aaron76 checks
manggy94 bets 500
Aaron76 folds
manggy94 collected 1740 from pot
*** SUMMARY ***
Total pot 1740 | No rake
Board: [7d 9d 7h]
Seat 6: manggy94 (big blind) won 1740


Winamax Poker - Tournament "Hold'em" buyIn: 0.22€ + 0.03€ level: 8 - HandId: #698486244971118597-42-1467970496 - Holdem no limit (40/250/500) - 2016/07/08 09:34:56 UTC
Table: 'Hold'em(162629002)#004' 6-max (real money) Seat #5 is the button
Seat 1: Templaris (53655)
Seat 2: Immortell999 (22645)
Seat 3: chelsea12700 (30737)
Seat 4: djayem (8240)
Seat 5: Aaron76 (10740)
Seat 6: manggy94 (11420)
*** ANTE/BLINDS ***
manggy94 posts ante 40
Templaris posts ante 40
Immortell999 posts ante 40
chelsea12700 posts ante 40
djayem posts ante 40
Aaron76 posts ante 40
manggy94 posts small blind 250
Templaris posts big blind 500
Dealt to manggy94 [Ah 9s]
*** PRE-FLOP *** 
Immortell999 folds
chelsea12700 folds
djayem folds
Aaron76 folds
manggy94 raises 500 to 1000
Templaris folds
manggy94 collected 1740 from pot
*** SUMMARY ***
Total pot 1740 | No rake
Seat 6: manggy94 (small blind) won 1740


Winamax Poker - Tournament "Hold'em" buyIn: 0.22€ + 0.03€ level: 8 - HandId: #698486244971118597-43-1467970530 - Holdem no limit (40/250/500) - 2016/07/08 09:35:30 UTC
Table: 'Hold'em(162629002)#004' 6-max (real money) Seat #6 is the button
Seat 1: Templaris (53115)
Seat 2: Immortell999 (22605)
Seat 3: chelsea12700 (30697)
Seat 4: djayem (8200)
Seat 5: Aaron76 (10700)
Seat 6: manggy94 (12120)
*** ANTE/BLINDS ***
Templaris posts ante 40
Immortell999 posts ante 40
chelsea12700 posts ante 40
djayem posts ante 40
Aaron76 posts ante 40
manggy94 posts ante 40
Templaris posts small blind 250
Immortell999 posts big blind 500
Dealt to manggy94 [2s Th]
*** PRE-FLOP *** 
chelsea12700 folds
djayem folds
Aaron76 raises 500 to 1000
manggy94 folds
Templaris folds
Immortell999 calls 500
*** FLOP *** [5d Td Qc]
Immortell999 checks
Aaron76 checks
*** TURN *** [5d Td Qc][Ts]
Immortell999 bets 1245
Aaron76 folds
Immortell999 collected 3735 from pot
*** SUMMARY ***
Total pot 3735 | No rake
Board: [5d Td Qc Ts]
Seat 2: Immortell999 (big blind) won 3735


Winamax Poker - Tournament "Hold'em" buyIn: 0.22€ + 0.03€ level: 8 - HandId: #698486244971118597-44-1467970567 - Holdem no limit (40/250/500) - 2016/07/08 09:36:07 UTC
Table: 'Hold'em(162629002)#004' 6-max (real money) Seat #1 is the button
Seat 1: Templaris (52825)
Seat 2: Immortell999 (24055)
Seat 3: chelsea12700 (30657)
Seat 4: djayem (8160)
Seat 5: Aaron76 (9660)
Seat 6: manggy94 (12080)
*** ANTE/BLINDS ***
Immortell999 posts ante 40
chelsea12700 posts ante 40
Templaris posts ante 40
djayem posts ante 40
Aaron76 posts ante 40
manggy94 posts ante 40
Immortell999 posts small blind 250
chelsea12700 posts big blind 500
Dealt to manggy94 [Td Kd]
*** PRE-FLOP *** 
djayem calls 500
Aaron76 folds
manggy94 calls 500
Templaris raises 1500 to 2000
Immortell999 folds
chelsea12700 folds
djayem folds
manggy94 calls 1500
*** FLOP *** [9d 9s Tc]
manggy94 bets 2745
Templaris calls 2745
*** TURN *** [9d 9s Tc][6c]
manggy94 bets 7295 and is all-in
Templaris folds
manggy94 collected 18275 from pot
*** SUMMARY ***
Total pot 18275 | No rake
Board: [9d 9s Tc 6c]
Seat 6: manggy94 won 18275


Winamax Poker - Tournament "Hold'em" buyIn: 0.22€ + 0.03€ level: 8 - HandId: #698486244971118597-45-1467970638 - Holdem no limit (40/250/500) - 2016/07/08 09:37:18 UTC
Table: 'Hold'em(162629002)#004' 6-max (real money) Seat #2 is the button
Seat 1: Templaris (48040)
Seat 2: Immortell999 (23765)
Seat 3: chelsea12700 (30117)
Seat 4: djayem (7620)
Seat 5: Aaron76 (9620)
Seat 6: manggy94 (18275)
*** ANTE/BLINDS ***
chelsea12700 posts ante 40
djayem posts ante 40
Templaris posts ante 40
Immortell999 posts ante 40
Aaron76 posts ante 40
manggy94 posts ante 40
chelsea12700 posts small blind 250
djayem posts big blind 500
Dealt to manggy94 [6h 9s]
*** PRE-FLOP *** 
Aaron76 folds
manggy94 folds
Templaris folds
Immortell999 raises 750 to 1250
chelsea12700 calls 1000
djayem raises 6330 to 7580 and is all-in
Immortell999 folds
chelsea12700 calls 6330
*** FLOP *** [5h Qs 8h]
*** TURN *** [5h Qs 8h][6s]
*** RIVER *** [5h Qs 8h 6s][Js]
*** SHOW DOWN ***
djayem shows [As Jh] (One pair : Jacks)
chelsea12700 shows [Jd Qh] (Two pairs : Queens and Jacks)
chelsea12700 collected 16650 from pot
*** SUMMARY ***
Total pot 16650 | No rake
Board: [5h Qs 8h 6s Js]
Seat 3: chelsea12700 (small blind) showed [Jd Qh] and won 16650 with Two pairs : Queens and Jacks
Seat 4: djayem (big blind) showed [As Jh] and lost with One pair : Jacks


Winamax Poker - Tournament "Hold'em" buyIn: 0.22€ + 0.03€ level: 8 - HandId: #698486244971118597-46-1467970674 - Holdem no limit (40/250/500) - 2016/07/08 09:37:54 UTC
Table: 'Hold'em(162629002)#004' 6-max (real money) Seat #3 is the button
Seat 1: Templaris (48000)
Seat 2: Immortell999 (22475)
Seat 3: chelsea12700 (39147)
Seat 5: Aaron76 (9580)
Seat 6: manggy94 (18235)
*** ANTE/BLINDS ***
Aaron76 posts ante 40
Templaris posts ante 40
Immortell999 posts ante 40
chelsea12700 posts ante 40
manggy94 posts ante 40
Aaron76 posts big blind 500
Dealt to manggy94 [Jd 2d]
*** PRE-FLOP *** 
manggy94 folds
Templaris folds
Immortell999 folds
chelsea12700 folds
Aaron76 collected 700 from pot
*** SUMMARY ***
Total pot 700 | No rake
Seat 5: Aaron76 (big blind) won 700


Winamax Poker - Tournament "Hold'em" buyIn: 0.22€ + 0.03€ level: 9 - HandId: #698486244971118597-47-1467970684 - Holdem no limit (60/300/600) - 2016/07/08 09:38:04 UTC
Table: 'Hold'em(162629002)#004' 6-max (real money) Seat #4 is the button
Seat 1: Templaris (47960)
Seat 2: Immortell999 (22435)
Seat 3: chelsea12700 (39107)
Seat 5: Aaron76 (9740)
Seat 6: manggy94 (18195)
*** ANTE/BLINDS ***
Aaron76 posts ante 60
manggy94 posts ante 60
Templaris posts ante 60
Immortell999 posts ante 60
chelsea12700 posts ante 60
Aaron76 posts small blind 300
manggy94 posts big blind 600
Dealt to manggy94 [Qc 2h]
*** PRE-FLOP *** 
Templaris raises 900 to 1500
Immortell999 folds
chelsea12700 folds
Aaron76 folds
manggy94 folds
Templaris collected 2700 from pot
*** SUMMARY ***
Total pot 2700 | No rake
Seat 1: Templaris won 2700


Winamax Poker - Tournament "Hold'em" buyIn: 0.22€ + 0.03€ level: 9 - HandId: #698486244971118597-48-1467970704 - Holdem no limit (60/300/600) - 2016/07/08 09:38:24 UTC
Table: 'Hold'em(162629002)#004' 6-max (real money) Seat #5 is the button
Seat 1: Templaris (49100)
Seat 2: Immortell999 (22375)
Seat 3: chelsea12700 (39047)
Seat 5: Aaron76 (9380)
Seat 6: manggy94 (17535)
*** ANTE/BLINDS ***
manggy94 posts ante 60
Templaris posts ante 60
Immortell999 posts ante 60
chelsea12700 posts ante 60
Aaron76 posts ante 60
manggy94 posts small blind 300
Templaris posts big blind 600
Dealt to manggy94 [Ts 6h]
*** PRE-FLOP *** 
Immortell999 folds
chelsea12700 folds
Aaron76 folds
manggy94 raises 600 to 1200
Templaris raises 1500 to 2700
manggy94 calls 1500
*** FLOP *** [As 4d Jh]
manggy94 bets 900
Templaris raises 2320 to 3220
manggy94 folds
Templaris collected 9820 from pot
*** SUMMARY ***
Total pot 9820 | No rake
Board: [As 4d Jh]
Seat 1: Templaris (big blind) won 9820


Winamax Poker - Tournament "Hold'em" buyIn: 0.22€ + 0.03€ level: 9 - HandId: #698486244971118597-49-1467970749 - Holdem no limit (60/300/600) - 2016/07/08 09:39:09 UTC
Table: 'Hold'em(162629002)#004' 6-max (real money) Seat #6 is the button
Seat 1: Templaris (52940)
Seat 2: Immortell999 (22315)
Seat 3: chelsea12700 (38987)
Seat 4: VOLCANTHO (10000)
Seat 5: Aaron76 (9320)
Seat 6: manggy94 (13875)
*** ANTE/BLINDS ***
Templaris posts ante 60
Immortell999 posts ante 60
chelsea12700 posts ante 60
VOLCANTHO posts ante 60
Aaron76 posts ante 60
manggy94 posts ante 60
Templaris posts small blind 300
Immortell999 posts big blind 600
Dealt to manggy94 [5c 2s]
*** PRE-FLOP *** 
chelsea12700 calls 600
VOLCANTHO folds
Aaron76 raises 900 to 1500
manggy94 folds
Templaris folds
Immortell999 folds
chelsea12700 calls 900
*** FLOP *** [Th 7h Kc]
chelsea12700 bets 600
Aaron76 raises 900 to 1500
chelsea12700 calls 900
*** TURN *** [Th 7h Kc][6c]
chelsea12700 checks
Aaron76 bets 2700
chelsea12700 calls 2700
*** RIVER *** [Th 7h Kc 6c][9d]
chelsea12700 checks
Aaron76 checks
*** SHOW DOWN ***
chelsea12700 shows [Jh Tc] (One pair : Tens)
Aaron76 shows [Qd Ks] (One pair : Kings)
Aaron76 collected 12660 from pot
*** SUMMARY ***
Total pot 12660 | No rake
Board: [Th 7h Kc 6c 9d]
Seat 3: chelsea12700 showed [Jh Tc] and lost with One pair : Tens
Seat 5: Aaron76 showed [Qd Ks] and won 12660 with One pair : Kings


Winamax Poker - Tournament "Hold'em" buyIn: 0.22€ + 0.03€ level: 9 - HandId: #698486244971118597-50-1467970842 - Holdem no limit (60/300/600) - 2016/07/08 09:40:42 UTC
Table: 'Hold'em(162629002)#004' 6-max (real money) Seat #1 is the button
Seat 1: Templaris (52580)
Seat 2: Immortell999 (21655)
Seat 3: chelsea12700 (33227)
Seat 4: VOLCANTHO (9940)
Seat 5: Aaron76 (16220)
Seat 6: manggy94 (13815)
*** ANTE/BLINDS ***
Immortell999 posts ante 60
chelsea12700 posts ante 60
Templaris posts ante 60
VOLCANTHO posts ante 60
Aaron76 posts ante 60
manggy94 posts ante 60
Immortell999 posts small blind 300
chelsea12700 posts big blind 600
Dealt to manggy94 [Jc Qs]
*** PRE-FLOP *** 
VOLCANTHO raises 600 to 1200
Aaron76 folds
manggy94 calls 1200
Templaris folds
Immortell999 folds
chelsea12700 raises 31967 to 33167 and is all-in
VOLCANTHO calls 8680 and is all-in
manggy94 folds
*** FLOP *** [Kd 4c 4d]
*** TURN *** [Kd 4c 4d][3d]
*** RIVER *** [Kd 4c 4d 3d][Ks]
*** SHOW DOWN ***
chelsea12700 shows [Ad Tc] (Two pairs : Kings and 4)
VOLCANTHO shows [Kh Ah] (Full of Kings and 4)
VOLCANTHO collected 21620 from main pot
chelsea12700 collected 23287 from side pot 1
*** SUMMARY ***
Total pot 44907 | No rake
Board: [Kd 4c 4d 3d Ks]
Seat 3: chelsea12700 (big blind) showed [Ad Tc] and won 23287 with Two pairs : Kings and 4
Seat 4: VOLCANTHO showed [Kh Ah] and won 21620 with Full of Kings and 4


Winamax Poker - Tournament "Hold'em" buyIn: 0.22€ + 0.03€ level: 9 - HandId: #698486244971118597-51-1467970873 - Holdem no limit (60/300/600) - 2016/07/08 09:41:13 UTC
Table: 'Hold'em(162629002)#004' 6-max (real money) Seat #2 is the button
Seat 1: Templaris (52520)
Seat 2: Immortell999 (21295)
Seat 3: chelsea12700 (23287)
Seat 4: VOLCANTHO (21620)
Seat 5: Aaron76 (16160)
Seat 6: manggy94 (12555)
*** ANTE/BLINDS ***
chelsea12700 posts ante 60
VOLCANTHO posts ante 60
Templaris posts ante 60
Immortell999 posts ante 60
Aaron76 posts ante 60
manggy94 posts ante 60
chelsea12700 posts small blind 300
VOLCANTHO posts big blind 600
Dealt to manggy94 [5s Jh]
*** PRE-FLOP *** 
Aaron76 folds
manggy94 folds
Templaris raises 726 to 1326
Immortell999 folds
chelsea12700 calls 1026
VOLCANTHO folds
*** FLOP *** [2c 5c 3d]
chelsea12700 checks
Templaris bets 1492
chelsea12700 calls 1492
*** TURN *** [2c 5c 3d][Td]
chelsea12700 checks
Templaris checks
*** RIVER *** [2c 5c 3d Td][7s]
chelsea12700 bets 6596
Templaris raises 43046 to 49642 and is all-in
chelsea12700 calls 13813 and is all-in
*** SHOW DOWN ***
chelsea12700 shows [4h Th] (One pair : Tens)
Templaris shows [2d 2h] (Trips of 2)
Templaris collected 76647 from pot
*** SUMMARY ***
Total pot 76647 | No rake
Board: [2c 5c 3d Td 7s]
Seat 1: Templaris showed [2d 2h] and won 76647 with Trips of 2
Seat 3: chelsea12700 (small blind) showed [4h Th] and lost with One pair : Tens


Winamax Poker - Tournament "Hold'em" buyIn: 0.22€ + 0.03€ level: 9 - HandId: #698486244971118597-52-1467970995 - Holdem no limit (60/300/600) - 2016/07/08 09:43:15 UTC
Table: 'Hold'em(162629002)#004' 6-max (real money) Seat #3 is the button
Seat 1: Templaris (76647)
Seat 2: Immortell999 (21235)
Seat 4: VOLCANTHO (20960)
Seat 5: Aaron76 (16100)
Seat 6: manggy94 (12495)
*** ANTE/BLINDS ***
VOLCANTHO posts ante 60
Aaron76 posts ante 60
Templaris posts ante 60
Immortell999 posts ante 60
manggy94 posts ante 60
VOLCANTHO posts small blind 300
Aaron76 posts big blind 600
Dealt to manggy94 [Jd Ac]
*** PRE-FLOP *** 
manggy94 raises 1800 to 2400
Templaris folds
Immortell999 folds
VOLCANTHO folds
Aaron76 folds
manggy94 collected 3600 from pot
*** SUMMARY ***
Total pot 3600 | No rake
Seat 6: manggy94 won 3600


Winamax Poker - Tournament "Hold'em" buyIn: 0.22€ + 0.03€ level: 9 - HandId: #698486244971118597-53-1467971023 - Holdem no limit (60/300/600) - 2016/07/08 09:43:43 UTC
Table: 'Hold'em(162629002)#004' 6-max (real money) Seat #4 is the button
Seat 1: Templaris (76587)
Seat 2: Immortell999 (21175)
Seat 4: VOLCANTHO (20600)
Seat 5: Aaron76 (15440)
Seat 6: manggy94 (13635)
*** ANTE/BLINDS ***
Aaron76 posts ante 60
manggy94 posts ante 60
Templaris posts ante 60
Immortell999 posts ante 60
VOLCANTHO posts ante 60
Aaron76 posts small blind 300
manggy94 posts big blind 600
Dealt to manggy94 [3s 3d]
*** PRE-FLOP *** 
Templaris folds
Immortell999 folds
VOLCANTHO raises 600 to 1200
Aaron76 folds
manggy94 calls 600
*** FLOP *** [5c 2s Js]
manggy94 checks
VOLCANTHO bets 3000
manggy94 calls 3000
*** TURN *** [5c 2s Js][6s]
manggy94 bets 4500
VOLCANTHO raises 4500 to 9000
manggy94 folds
VOLCANTHO collected 22500 from pot
*** SUMMARY ***
Total pot 22500 | No rake
Board: [5c 2s Js 6s]
Seat 4: VOLCANTHO (button) won 22500


Winamax Poker - Tournament "Hold'em" buyIn: 0.22€ + 0.03€ level: 10 - HandId: #698486244971118597-54-1467971100 - Holdem no limit (75/400/800) - 2016/07/08 09:45:00 UTC
Table: 'Hold'em(162629002)#004' 6-max (real money) Seat #5 is the button
Seat 1: Templaris (76527)
Seat 2: Immortell999 (21115)
Seat 4: VOLCANTHO (29840)
Seat 5: Aaron76 (15080)
Seat 6: manggy94 (4875)
*** ANTE/BLINDS ***
manggy94 posts ante 75
Templaris posts ante 75
Immortell999 posts ante 75
VOLCANTHO posts ante 75
Aaron76 posts ante 75
manggy94 posts small blind 400
Templaris posts big blind 800
Dealt to manggy94 [3s Ah]
*** PRE-FLOP *** 
Immortell999 folds
VOLCANTHO raises 800 to 1600
Aaron76 folds
manggy94 folds
Templaris calls 800
*** FLOP *** [6c Ts 6d]
Templaris checks
VOLCANTHO bets 800
Templaris calls 800
*** TURN *** [6c Ts 6d][9c]
Templaris checks
VOLCANTHO bets 4181
Templaris raises 6181 to 10362
VOLCANTHO folds
Templaris collected 20118 from pot
*** SUMMARY ***
Total pot 20118 | No rake
Board: [6c Ts 6d 9c]
Seat 1: Templaris (big blind) won 20118


Winamax Poker - Tournament "Hold'em" buyIn: 0.22€ + 0.03€ level: 10 - HandId: #698486244971118597-55-1467971191 - Holdem no limit (75/400/800) - 2016/07/08 09:46:31 UTC
Table: 'Hold'em(162629002)#004' 6-max (real money) Seat #6 is the button
Seat 1: Templaris (83808)
Seat 2: Immortell999 (21040)
Seat 4: VOLCANTHO (23184)
Seat 5: Aaron76 (15005)
Seat 6: manggy94 (4400)
*** ANTE/BLINDS ***
Templaris posts ante 75
Immortell999 posts ante 75
VOLCANTHO posts ante 75
Aaron76 posts ante 75
manggy94 posts ante 75
Templaris posts small blind 400
Immortell999 posts big blind 800
Dealt to manggy94 [3s Tc]
*** PRE-FLOP *** 
VOLCANTHO folds
Aaron76 raises 1200 to 2000
manggy94 folds
Templaris folds
Immortell999 folds
Aaron76 collected 3575 from pot
*** SUMMARY ***
Total pot 3575 | No rake
Seat 5: Aaron76 won 3575


Winamax Poker - Tournament "Hold'em" buyIn: 0.22€ + 0.03€ level: 10 - HandId: #698486244971118597-56-1467971205 - Holdem no limit (75/400/800) - 2016/07/08 09:46:45 UTC
Table: 'Hold'em(162629002)#004' 6-max (real money) Seat #1 is the button
Seat 1: Templaris (83333)
Seat 2: Immortell999 (20165)
Seat 4: VOLCANTHO (23109)
Seat 5: Aaron76 (16505)
Seat 6: manggy94 (4325)
*** ANTE/BLINDS ***
Immortell999 posts ante 75
VOLCANTHO posts ante 75
Templaris posts ante 75
Aaron76 posts ante 75
manggy94 posts ante 75
Immortell999 posts small blind 400
VOLCANTHO posts big blind 800
Dealt to manggy94 [7h 8d]
*** PRE-FLOP *** 
Aaron76 folds
manggy94 folds
Templaris folds
Immortell999 raises 1200 to 2000
VOLCANTHO folds
Immortell999 collected 3175 from pot
*** SUMMARY ***
Total pot 3175 | No rake
Seat 2: Immortell999 (small blind) won 3175


Winamax Poker - Tournament "Hold'em" buyIn: 0.22€ + 0.03€ level: 10 - HandId: #698486244971118597-57-1467971233 - Holdem no limit (75/400/800) - 2016/07/08 09:47:13 UTC
Table: 'Hold'em(162629002)#004' 6-max (real money) Seat #2 is the button
Seat 1: Templaris (83258)
Seat 2: Immortell999 (21265)
Seat 3: Nul opposer (23930)
Seat 4: VOLCANTHO (22234)
Seat 5: Aaron76 (16430)
Seat 6: manggy94 (4250)
*** ANTE/BLINDS ***
VOLCANTHO posts ante 75
Aaron76 posts ante 75
Templaris posts ante 75
Immortell999 posts ante 75
manggy94 posts ante 75
VOLCANTHO posts small blind 400
Aaron76 posts big blind 800
Dealt to manggy94 [8c 7d]
*** PRE-FLOP *** 
manggy94 folds
Templaris raises 968 to 1768
Immortell999 calls 1768
VOLCANTHO folds
Aaron76 folds
*** FLOP *** [5h Ah Th]
Templaris checks
Immortell999 bets 2556
Templaris folds
Immortell999 collected 7667 from pot
*** SUMMARY ***
Total pot 7667 | No rake
Board: [5h Ah Th]
Seat 2: Immortell999 (button) won 7667


Winamax Poker - Tournament "Hold'em" buyIn: 0.22€ + 0.03€ level: 10 - HandId: #698486244971118597-58-1467971286 - Holdem no limit (75/400/800) - 2016/07/08 09:48:06 UTC
Table: 'Hold'em(162629002)#004' 6-max (real money) Seat #4 is the button
Seat 1: Templaris (81415)
Seat 2: Immortell999 (24533)
Seat 3: Nul opposer (23930)
Seat 4: VOLCANTHO (21759)
Seat 5: Aaron76 (15555)
Seat 6: manggy94 (4175)
*** ANTE/BLINDS ***
Aaron76 posts ante 75
manggy94 posts ante 75
Templaris posts ante 75
Immortell999 posts ante 75
Nul opposer posts ante 75
VOLCANTHO posts ante 75
Aaron76 posts small blind 400
manggy94 posts big blind 800
Dealt to manggy94 [2h 4c]
*** PRE-FLOP *** 
Templaris folds
Immortell999 folds
Nul opposer folds
VOLCANTHO folds
Aaron76 folds
manggy94 collected 1650 from pot
*** SUMMARY ***
Total pot 1650 | No rake
Seat 6: manggy94 (big blind) won 1650


Winamax Poker - Tournament "Hold'em" buyIn: 0.22€ + 0.03€ level: 10 - HandId: #698486244971118597-59-1467971300 - Holdem no limit (75/400/800) - 2016/07/08 09:48:20 UTC
Table: 'Hold'em(162629002)#004' 6-max (real money) Seat #5 is the button
Seat 1: Templaris (81340)
Seat 2: Immortell999 (24458)
Seat 3: Nul opposer (23855)
Seat 4: VOLCANTHO (21684)
Seat 5: Aaron76 (15080)
Seat 6: manggy94 (4950)
*** ANTE/BLINDS ***
manggy94 posts ante 75
Templaris posts ante 75
Immortell999 posts ante 75
Nul opposer posts ante 75
VOLCANTHO posts ante 75
Aaron76 posts ante 75
manggy94 posts small blind 400
Templaris posts big blind 800
Dealt to manggy94 [2h 4d]
*** PRE-FLOP *** 
Immortell999 raises 800 to 1600
Nul opposer folds
VOLCANTHO calls 1600
Aaron76 folds
manggy94 folds
Templaris calls 800
*** FLOP *** [9h Ad 4c]
Templaris checks
Immortell999 bets 3767
VOLCANTHO folds
Templaris folds
Immortell999 collected 9417 from pot
*** SUMMARY ***
Total pot 9417 | No rake
Board: [9h Ad 4c]
Seat 2: Immortell999 won 9417


Winamax Poker - Tournament "Hold'em" buyIn: 0.22€ + 0.03€ level: 10 - HandId: #698486244971118597-60-1467971383 - Holdem no limit (75/400/800) - 2016/07/08 09:49:43 UTC
Table: 'Hold'em(162629002)#004' 6-max (real money) Seat #6 is the button
Seat 1: Templaris (79665)
Seat 2: Immortell999 (28433)
Seat 3: Nul opposer (23780)
Seat 4: VOLCANTHO (20009)
Seat 5: Aaron76 (15005)
Seat 6: manggy94 (4475)
*** ANTE/BLINDS ***
Templaris posts ante 75
Immortell999 posts ante 75
Nul opposer posts ante 75
VOLCANTHO posts ante 75
Aaron76 posts ante 75
manggy94 posts ante 75
Templaris posts small blind 400
Immortell999 posts big blind 800
Dealt to manggy94 [5h 2d]
*** PRE-FLOP *** 
Nul opposer folds
VOLCANTHO folds
Aaron76 folds
manggy94 folds
Templaris calls 400
Immortell999 checks
*** FLOP *** [4h 2h 6s]
Templaris checks
Immortell999 bets 1025
Templaris calls 1025
*** TURN *** [4h 2h 6s][7c]
Templaris checks
Immortell999 bets 2050
Templaris calls 2050
*** RIVER *** [4h 2h 6s 7c][2s]
Templaris checks
Immortell999 checks
*** SHOW DOWN ***
Immortell999 shows [4d 5s] (Two pairs : 4 and 2)
Templaris shows [8s 7d] (Two pairs : 7 and 2)
Templaris collected 8200 from pot
*** SUMMARY ***
Total pot 8200 | No rake
Board: [4h 2h 6s 7c 2s]
Seat 1: Templaris (small blind) showed [8s 7d] and won 8200 with Two pairs : 7 and 2
Seat 2: Immortell999 (big blind) showed [4d 5s] and lost with Two pairs : 4 and 2


Winamax Poker - Tournament "Hold'em" buyIn: 0.22€ + 0.03€ level: 11 - HandId: #698486244971118597-61-1467971484 - Holdem no limit (100/500/1000) - 2016/07/08 09:51:24 UTC
Table: 'Hold'em(162629002)#004' 6-max (real money) Seat #1 is the button
Seat 1: Templaris (83915)
Seat 2: Immortell999 (24483)
Seat 3: Nul opposer (23705)
Seat 4: VOLCANTHO (19934)
Seat 5: Aaron76 (14930)
Seat 6: manggy94 (4400)
*** ANTE/BLINDS ***
Immortell999 posts ante 100
Nul opposer posts ante 100
Templaris posts ante 100
VOLCANTHO posts ante 100
Aaron76 posts ante 100
manggy94 posts ante 100
Immortell999 posts small blind 500
Nul opposer posts big blind 1000
Dealt to manggy94 [4h 9h]
*** PRE-FLOP *** 
VOLCANTHO folds
Aaron76 raises 1000 to 2000
manggy94 folds
Templaris folds
Immortell999 folds
Nul opposer calls 1000
*** FLOP *** [6c 8d 4d]
Nul opposer checks
Aaron76 bets 3000
Nul opposer folds
Aaron76 collected 8100 from pot
*** SUMMARY ***
Total pot 8100 | No rake
Board: [6c 8d 4d]
Seat 5: Aaron76 won 8100


Winamax Poker - Tournament "Hold'em" buyIn: 0.22€ + 0.03€ level: 11 - HandId: #698486244971118597-62-1467971518 - Holdem no limit (100/500/1000) - 2016/07/08 09:51:58 UTC
Table: 'Hold'em(162629002)#004' 6-max (real money) Seat #2 is the button
Seat 1: Templaris (83815)
Seat 2: Immortell999 (23883)
Seat 3: Nul opposer (21605)
Seat 4: VOLCANTHO (19834)
Seat 5: Aaron76 (17930)
Seat 6: manggy94 (4300)
*** ANTE/BLINDS ***
Nul opposer posts ante 100
VOLCANTHO posts ante 100
Templaris posts ante 100
Immortell999 posts ante 100
Aaron76 posts ante 100
manggy94 posts ante 100
Nul opposer posts small blind 500
VOLCANTHO posts big blind 1000
Dealt to manggy94 [2c Tc]
*** PRE-FLOP *** 
Aaron76 folds
manggy94 folds
Templaris folds
Immortell999 raises 1000 to 2000
Nul opposer folds
VOLCANTHO calls 1000
*** FLOP *** [2d 5s Th]
VOLCANTHO checks
Immortell999 bets 2550
VOLCANTHO folds
Immortell999 collected 7650 from pot
*** SUMMARY ***
Total pot 7650 | No rake
Board: [2d 5s Th]
Seat 2: Immortell999 (button) won 7650


Winamax Poker - Tournament "Hold'em" buyIn: 0.22€ + 0.03€ level: 11 - HandId: #698486244971118597-63-1467971558 - Holdem no limit (100/500/1000) - 2016/07/08 09:52:38 UTC
Table: 'Hold'em(162629002)#004' 6-max (real money) Seat #3 is the button
Seat 1: Templaris (83715)
Seat 2: Immortell999 (26883)
Seat 3: Nul opposer (21005)
Seat 4: VOLCANTHO (17734)
Seat 5: Aaron76 (17830)
Seat 6: manggy94 (4200)
*** ANTE/BLINDS ***
VOLCANTHO posts ante 100
Aaron76 posts ante 100
Templaris posts ante 100
Immortell999 posts ante 100
Nul opposer posts ante 100
manggy94 posts ante 100
VOLCANTHO posts small blind 500
Aaron76 posts big blind 1000
Dealt to manggy94 [Kc 9d]
*** PRE-FLOP *** 
manggy94 raises 3100 to 4100 and is all-in
Templaris raises 4961 to 9061
Immortell999 folds
Nul opposer folds
VOLCANTHO folds
Aaron76 calls 8061
*** FLOP *** [6s 3h 8s]
Aaron76 bets 8669 and is all-in
Templaris calls 8669
*** TURN *** [6s 3h 8s][Js]
*** RIVER *** [6s 3h 8s Js][Qc]
*** SHOW DOWN ***
manggy94 shows [Kc 9d] (High card : King)
Templaris shows [Ah Qs] (One pair : Queens)
Aaron76 shows [Ac Qd] (One pair : Queens)
Aaron76 collected 20330 from pot
Templaris collected 20330 from pot
*** SUMMARY ***
Total pot 40660 | No rake
Board: [6s 3h 8s Js Qc]
Seat 1: Templaris showed [Ah Qs] and won 20330 with One pair : Queens
Seat 5: Aaron76 (big blind) showed [Ac Qd] and won 20330 with One pair : Queens
Seat 6: manggy94 showed [Kc 9d] and lost with High card : King


