Winamax Poker - Tournament "Super Freeroll Stade 1" buyIn: 0€ + 0€ level: 1 - HandId: #697443358192173057-1-1466494617 - Holdem no limit (10/20) - 2016/06/21 07:36:57 UTC
Table: 'Super Freeroll Stade 1(162386186)#0' 6-max (real money) Seat #2 is the button
Seat 1: nicomouk51 (1500)
Seat 2: manggy94 (1500)
Seat 3: Le Douc (1500)
Seat 4: Parseck (1500)
Seat 5: Verdevant (1500)
Seat 6: Veets (1500)
*** ANTE/BLINDS ***
Le Douc posts small blind 10
Parseck posts big blind 20
Dealt to manggy94 [4s 3d]
*** PRE-FLOP *** 
Verdevant calls 20
Veets folds
nicomouk51 folds
manggy94 folds
Le Douc folds
Parseck raises 20 to 40
Verdevant calls 20
*** FLOP *** [Tc 9c Ac]
Parseck checks
Verdevant checks
*** TURN *** [Tc 9c Ac][7c]
Parseck bets 20
Verdevant folds
Parseck collected 110 from pot
*** SUMMARY ***
Total pot 110 | No rake
Board: [Tc 9c Ac 7c]
Seat 4: Parseck (big blind) won 110


Winamax Poker - Tournament "Super Freeroll Stade 1" buyIn: 0€ + 0€ level: 1 - HandId: #697443358192173057-2-1466494700 - Holdem no limit (10/20) - 2016/06/21 07:38:20 UTC
Table: 'Super Freeroll Stade 1(162386186)#0' 6-max (real money) Seat #3 is the button
Seat 1: nicomouk51 (1500)
Seat 2: manggy94 (1500)
Seat 3: Le Douc (1490)
Seat 4: Parseck (1550)
Seat 5: Verdevant (1460)
Seat 6: Veets (1500)
*** ANTE/BLINDS ***
Parseck posts small blind 10
Verdevant posts big blind 20
Dealt to manggy94 [3d Kh]
*** PRE-FLOP *** 
Veets folds
nicomouk51 folds
manggy94 folds
Le Douc raises 30 to 50
Parseck folds
Verdevant folds
Le Douc collected 80 from pot
*** SUMMARY ***
Total pot 80 | No rake
Seat 3: Le Douc (button) won 80


Winamax Poker - Tournament "Super Freeroll Stade 1" buyIn: 0€ + 0€ level: 1 - HandId: #697443358192173057-3-1466494720 - Holdem no limit (10/20) - 2016/06/21 07:38:40 UTC
Table: 'Super Freeroll Stade 1(162386186)#0' 6-max (real money) Seat #4 is the button
Seat 1: nicomouk51 (1500)
Seat 2: manggy94 (1500)
Seat 3: Le Douc (1520)
Seat 4: Parseck (1540)
Seat 5: Verdevant (1440)
Seat 6: Veets (1500)
*** ANTE/BLINDS ***
Verdevant posts small blind 10
Veets posts big blind 20
Dealt to manggy94 [9h 3h]
*** PRE-FLOP *** 
nicomouk51 folds
manggy94 folds
Le Douc raises 20 to 40
Parseck raises 20 to 60
Verdevant folds
Veets folds
Le Douc raises 80 to 140
Parseck calls 80
*** FLOP *** [8d Kd Qh]
Le Douc bets 207
Parseck calls 207
*** TURN *** [8d Kd Qh][Jh]
Le Douc bets 362
Parseck raises 362 to 724
Le Douc raises 449 to 1173 and is all-in
Parseck calls 449
*** RIVER *** [8d Kd Qh Jh][8s]
*** SHOW DOWN ***
Le Douc shows [Ts Ah] (Straight Ace high)
Parseck shows [Td Ad] (Straight Ace high)
Parseck collected 1535 from pot
Le Douc collected 1535 from pot
*** SUMMARY ***
Total pot 3070 | No rake
Board: [8d Kd Qh Jh 8s]
Seat 3: Le Douc showed [Ts Ah] and won 1535 with Straight Ace high
Seat 4: Parseck (button) showed [Td Ad] and won 1535 with Straight Ace high


Winamax Poker - Tournament "Super Freeroll Stade 1" buyIn: 0€ + 0€ level: 1 - HandId: #697443358192173057-4-1466494787 - Holdem no limit (10/20) - 2016/06/21 07:39:47 UTC
Table: 'Super Freeroll Stade 1(162386186)#0' 6-max (real money) Seat #5 is the button
Seat 1: nicomouk51 (1500)
Seat 2: manggy94 (1500)
Seat 3: Le Douc (1535)
Seat 4: Parseck (1555)
Seat 5: Verdevant (1430)
Seat 6: Veets (1480)
*** ANTE/BLINDS ***
Veets posts small blind 10
nicomouk51 posts big blind 20
Dealt to manggy94 [6h Jd]
*** PRE-FLOP *** 
manggy94 folds
Le Douc raises 40 to 60
Parseck folds
Verdevant folds
Veets calls 50
nicomouk51 folds
*** FLOP *** [8s 7c 3c]
Veets bets 60
Le Douc raises 195 to 255
Veets calls 195
*** TURN *** [8s 7c 3c][7d]
Veets checks
Le Douc bets 433
Veets folds
Le Douc collected 1083 from pot
*** SUMMARY ***
Total pot 1083 | No rake
Board: [8s 7c 3c 7d]
Seat 3: Le Douc won 1083


Winamax Poker - Tournament "Super Freeroll Stade 1" buyIn: 0€ + 0€ level: 2 - HandId: #697443358192173057-5-1466494846 - Holdem no limit (15/30) - 2016/06/21 07:40:46 UTC
Table: 'Super Freeroll Stade 1(162386186)#0' 6-max (real money) Seat #6 is the button
Seat 1: nicomouk51 (1480)
Seat 2: manggy94 (1500)
Seat 3: Le Douc (1870)
Seat 4: Parseck (1555)
Seat 5: Verdevant (1430)
Seat 6: Veets (1165)
*** ANTE/BLINDS ***
nicomouk51 posts small blind 15
manggy94 posts big blind 30
Dealt to manggy94 [2h 7c]
*** PRE-FLOP *** 
Le Douc raises 30 to 60
Parseck calls 60
Verdevant folds
Veets folds
nicomouk51 folds
manggy94 folds
*** FLOP *** [Jc 4s 8d]
Le Douc checks
Parseck checks
*** TURN *** [Jc 4s 8d][4d]
Le Douc checks
Parseck checks
*** RIVER *** [Jc 4s 8d 4d][As]
Le Douc bets 30
Parseck folds
Le Douc collected 195 from pot
*** SUMMARY ***
Total pot 195 | No rake
Board: [Jc 4s 8d 4d As]
Seat 3: Le Douc won 195


Winamax Poker - Tournament "Super Freeroll Stade 1" buyIn: 0€ + 0€ level: 2 - HandId: #697443358192173057-6-1466494918 - Holdem no limit (15/30) - 2016/06/21 07:41:58 UTC
Table: 'Super Freeroll Stade 1(162386186)#0' 6-max (real money) Seat #1 is the button
Seat 1: nicomouk51 (1465)
Seat 2: manggy94 (1470)
Seat 3: Le Douc (1975)
Seat 4: Parseck (1495)
Seat 5: Verdevant (1430)
Seat 6: Veets (1165)
*** ANTE/BLINDS ***
manggy94 posts small blind 15
Le Douc posts big blind 30
Dealt to manggy94 [Kd 3h]
*** PRE-FLOP *** 
Parseck folds
Verdevant folds
Veets calls 30
nicomouk51 raises 60 to 90
manggy94 folds
Le Douc calls 60
Veets folds
*** FLOP *** [Qc 8s 4c]
Le Douc checks
nicomouk51 bets 113
Le Douc folds
nicomouk51 collected 338 from pot
*** SUMMARY ***
Total pot 338 | No rake
Board: [Qc 8s 4c]
Seat 1: nicomouk51 (button) won 338


Winamax Poker - Tournament "Super Freeroll Stade 1" buyIn: 0€ + 0€ level: 2 - HandId: #697443358192173057-7-1466494958 - Holdem no limit (15/30) - 2016/06/21 07:42:38 UTC
Table: 'Super Freeroll Stade 1(162386186)#0' 6-max (real money) Seat #2 is the button
Seat 1: nicomouk51 (1600)
Seat 2: manggy94 (1455)
Seat 3: Le Douc (1885)
Seat 4: Parseck (1495)
Seat 5: Verdevant (1430)
Seat 6: Veets (1135)
*** ANTE/BLINDS ***
Le Douc posts small blind 15
Parseck posts big blind 30
Dealt to manggy94 [Js 5s]
*** PRE-FLOP *** 
Verdevant calls 30
Veets raises 30 to 60
nicomouk51 folds
manggy94 calls 60
Le Douc folds
Parseck folds
Verdevant calls 30
*** FLOP *** [2h 4c 3c]
Verdevant checks
Veets bets 75
manggy94 calls 75
Verdevant calls 75
*** TURN *** [2h 4c 3c][4h]
Verdevant checks
Veets bets 163
manggy94 folds
Verdevant calls 163
*** RIVER *** [2h 4c 3c 4h][6d]
Verdevant checks
Veets bets 837 and is all-in
Verdevant folds
Veets collected 1613 from pot
*** SUMMARY ***
Total pot 1613 | No rake
Board: [2h 4c 3c 4h 6d]
Seat 6: Veets won 1613


Winamax Poker - Tournament "Super Freeroll Stade 1" buyIn: 0€ + 0€ level: 3 - HandId: #697443358192173057-8-1466495016 - Holdem no limit (20/40) - 2016/06/21 07:43:36 UTC
Table: 'Super Freeroll Stade 1(162386186)#0' 6-max (real money) Seat #3 is the button
Seat 1: nicomouk51 (1600)
Seat 2: manggy94 (1320)
Seat 3: Le Douc (1870)
Seat 4: Parseck (1465)
Seat 5: Verdevant (1132)
Seat 6: Veets (1613)
*** ANTE/BLINDS ***
Parseck posts small blind 20
Verdevant posts big blind 40
Dealt to manggy94 [Ks 6s]
*** PRE-FLOP *** 
Veets folds
nicomouk51 folds
manggy94 calls 40
Le Douc raises 40 to 80
Parseck calls 60
Verdevant folds
manggy94 calls 40
*** FLOP *** [4c 7s Ac]
Parseck bets 40
manggy94 folds
Le Douc raises 60 to 100
Parseck calls 60
*** TURN *** [4c 7s Ac][7h]
Parseck checks
Le Douc bets 100
Parseck calls 100
*** RIVER *** [4c 7s Ac 7h][Ah]
Parseck bets 300
Le Douc folds
Parseck shows [As 3d] (Full of Aces and 7)
Parseck collected 980 from pot
*** SUMMARY ***
Total pot 980 | No rake
Board: [4c 7s Ac 7h Ah]
Seat 4: Parseck (small blind) showed [As 3d] and won 980 with Full of Aces and 7


Winamax Poker - Tournament "Super Freeroll Stade 1" buyIn: 0€ + 0€ level: 3 - HandId: #697443358192173057-9-1466495092 - Holdem no limit (20/40) - 2016/06/21 07:44:52 UTC
Table: 'Super Freeroll Stade 1(162386186)#0' 6-max (real money) Seat #4 is the button
Seat 1: nicomouk51 (1600)
Seat 2: manggy94 (1240)
Seat 3: Le Douc (1590)
Seat 4: Parseck (1865)
Seat 5: Verdevant (1092)
Seat 6: Veets (1613)
*** ANTE/BLINDS ***
Verdevant posts small blind 20
Veets posts big blind 40
Dealt to manggy94 [2c 9s]
*** PRE-FLOP *** 
nicomouk51 folds
manggy94 folds
Le Douc raises 340 to 380
Parseck folds
Verdevant folds
Veets folds
Le Douc collected 440 from pot
*** SUMMARY ***
Total pot 440 | No rake
Seat 3: Le Douc won 440


Winamax Poker - Tournament "Super Freeroll Stade 1" buyIn: 0€ + 0€ level: 3 - HandId: #697443358192173057-10-1466495122 - Holdem no limit (20/40) - 2016/06/21 07:45:22 UTC
Table: 'Super Freeroll Stade 1(162386186)#0' 6-max (real money) Seat #5 is the button
Seat 1: nicomouk51 (1600)
Seat 2: manggy94 (1240)
Seat 3: Le Douc (1650)
Seat 4: Parseck (1865)
Seat 5: Verdevant (1072)
Seat 6: Veets (1573)
*** ANTE/BLINDS ***
Veets posts small blind 20
nicomouk51 posts big blind 40
Dealt to manggy94 [Ks Qc]
*** PRE-FLOP *** 
manggy94 raises 40 to 80
Le Douc folds
Parseck folds
Verdevant folds
Veets calls 60
nicomouk51 folds
*** FLOP *** [2c 7c 5c]
Veets checks
manggy94 bets 200
Veets folds
manggy94 collected 400 from pot
*** SUMMARY ***
Total pot 400 | No rake
Board: [2c 7c 5c]
Seat 2: manggy94 won 400


Winamax Poker - Tournament "Super Freeroll Stade 1" buyIn: 0€ + 0€ level: 3 - HandId: #697443358192173057-11-1466495143 - Holdem no limit (20/40) - 2016/06/21 07:45:43 UTC
Table: 'Super Freeroll Stade 1(162386186)#0' 6-max (real money) Seat #6 is the button
Seat 1: nicomouk51 (1560)
Seat 2: manggy94 (1360)
Seat 3: Le Douc (1650)
Seat 4: Parseck (1865)
Seat 5: Verdevant (1072)
Seat 6: Veets (1493)
*** ANTE/BLINDS ***
nicomouk51 posts small blind 20
manggy94 posts big blind 40
Dealt to manggy94 [Jc 8s]
*** PRE-FLOP *** 
Le Douc folds
Parseck calls 40
Verdevant calls 40
Veets folds
nicomouk51 raises 1520 to 1560 and is all-in
manggy94 folds
Parseck folds
Verdevant folds
nicomouk51 collected 1680 from pot
*** SUMMARY ***
Total pot 1680 | No rake
Seat 1: nicomouk51 (small blind) won 1680


Winamax Poker - Tournament "Super Freeroll Stade 1" buyIn: 0€ + 0€ level: 4 - HandId: #697443358192173057-12-1466495167 - Holdem no limit (30/60) - 2016/06/21 07:46:07 UTC
Table: 'Super Freeroll Stade 1(162386186)#0' 6-max (real money) Seat #1 is the button
Seat 1: nicomouk51 (1680)
Seat 2: manggy94 (1320)
Seat 3: Le Douc (1650)
Seat 4: Parseck (1825)
Seat 5: Verdevant (1032)
Seat 6: Veets (1493)
*** ANTE/BLINDS ***
manggy94 posts small blind 30
Le Douc posts big blind 60
Dealt to manggy94 [6d Kd]
*** PRE-FLOP *** 
Parseck folds
Verdevant calls 60
Veets raises 60 to 120
nicomouk51 folds
manggy94 folds
Le Douc folds
Verdevant calls 60
*** FLOP *** [5s 2d Ks]
Verdevant checks
Veets bets 1373 and is all-in
Verdevant folds
Veets collected 1703 from pot
*** SUMMARY ***
Total pot 1703 | No rake
Board: [5s 2d Ks]
Seat 6: Veets won 1703


Winamax Poker - Tournament "Super Freeroll Stade 1" buyIn: 0€ + 0€ level: 4 - HandId: #697443358192173057-13-1466495196 - Holdem no limit (30/60) - 2016/06/21 07:46:36 UTC
Table: 'Super Freeroll Stade 1(162386186)#0' 6-max (real money) Seat #2 is the button
Seat 1: nicomouk51 (1680)
Seat 2: manggy94 (1290)
Seat 3: Le Douc (1590)
Seat 4: Parseck (1825)
Seat 5: Verdevant (912)
Seat 6: Veets (1703)
*** ANTE/BLINDS ***
Le Douc posts small blind 30
Parseck posts big blind 60
Dealt to manggy94 [9c 6s]
*** PRE-FLOP *** 
Verdevant folds
Veets raises 60 to 120
nicomouk51 folds
manggy94 folds
Le Douc folds
Parseck calls 60
*** FLOP *** [Ac 2h 4d]
Parseck checks
Veets checks
*** TURN *** [Ac 2h 4d][Kd]
Parseck checks
Veets bets 120
Parseck folds
Veets collected 390 from pot
*** SUMMARY ***
Total pot 390 | No rake
Board: [Ac 2h 4d Kd]
Seat 6: Veets won 390


Winamax Poker - Tournament "Super Freeroll Stade 1" buyIn: 0€ + 0€ level: 4 - HandId: #697443358192173057-14-1466495228 - Holdem no limit (30/60) - 2016/06/21 07:47:08 UTC
Table: 'Super Freeroll Stade 1(162386186)#0' 6-max (real money) Seat #3 is the button
Seat 1: nicomouk51 (1680)
Seat 2: manggy94 (1290)
Seat 3: Le Douc (1560)
Seat 4: Parseck (1705)
Seat 5: Verdevant (912)
Seat 6: Veets (1853)
*** ANTE/BLINDS ***
Parseck posts small blind 30
Verdevant posts big blind 60
Dealt to manggy94 [Ts 7h]
*** PRE-FLOP *** 
Veets calls 60
nicomouk51 folds
manggy94 folds
Le Douc raises 120 to 180
Parseck folds
Verdevant folds
Veets calls 120
*** FLOP *** [9s 5c Ks]
Veets bets 420
Le Douc folds
Veets collected 870 from pot
*** SUMMARY ***
Total pot 870 | No rake
Board: [9s 5c Ks]
Seat 6: Veets won 870


Winamax Poker - Tournament "Super Freeroll Stade 1" buyIn: 0€ + 0€ level: 4 - HandId: #697443358192173057-15-1466495279 - Holdem no limit (30/60) - 2016/06/21 07:47:59 UTC
Table: 'Super Freeroll Stade 1(162386186)#0' 6-max (real money) Seat #4 is the button
Seat 1: nicomouk51 (1680)
Seat 2: manggy94 (1290)
Seat 3: Le Douc (1380)
Seat 4: Parseck (1675)
Seat 5: Verdevant (852)
Seat 6: Veets (2123)
*** ANTE/BLINDS ***
Verdevant posts small blind 30
Veets posts big blind 60
Dealt to manggy94 [Jd 2h]
*** PRE-FLOP *** 
nicomouk51 raises 60 to 120
manggy94 folds
Le Douc folds
Parseck folds
Verdevant folds
Veets calls 60
*** FLOP *** [Ah Jh Qc]
Veets bets 180
nicomouk51 calls 180
*** TURN *** [Ah Jh Qc][8h]
Veets checks
nicomouk51 bets 315
Veets calls 315
*** RIVER *** [Ah Jh Qc 8h][2s]
Veets bets 444
nicomouk51 calls 444
*** SHOW DOWN ***
nicomouk51 shows [Ac 9h] (One pair : Aces)
Veets shows [As Tc] (One pair : Aces)
Veets collected 2148 from pot
*** SUMMARY ***
Total pot 2148 | No rake
Board: [Ah Jh Qc 8h 2s]
Seat 1: nicomouk51 showed [Ac 9h] and lost with One pair : Aces
Seat 6: Veets (big blind) showed [As Tc] and won 2148 with One pair : Aces


Winamax Poker - Tournament "Super Freeroll Stade 1" buyIn: 0€ + 0€ level: 4 - HandId: #697443358192173057-16-1466495322 - Holdem no limit (30/60) - 2016/06/21 07:48:42 UTC
Table: 'Super Freeroll Stade 1(162386186)#0' 6-max (real money) Seat #5 is the button
Seat 1: nicomouk51 (621)
Seat 2: manggy94 (1290)
Seat 3: Le Douc (1380)
Seat 4: Parseck (1675)
Seat 5: Verdevant (822)
Seat 6: Veets (3212)
*** ANTE/BLINDS ***
Veets posts small blind 30
nicomouk51 posts big blind 60
Dealt to manggy94 [8h Ac]
*** PRE-FLOP *** 
manggy94 calls 60
Le Douc raises 120 to 180
Parseck folds
Verdevant folds
Veets calls 150
nicomouk51 folds
manggy94 calls 120
*** FLOP *** [9c 8s Th]
Veets bets 120
manggy94 calls 120
Le Douc folds
*** TURN *** [9c 8s Th][5s]
Veets bets 270
manggy94 calls 270
*** RIVER *** [9c 8s Th 5s][3c]
Veets bets 729
manggy94 folds
Veets collected 2109 from pot
*** SUMMARY ***
Total pot 2109 | No rake
Board: [9c 8s Th 5s 3c]
Seat 6: Veets (small blind) won 2109


Winamax Poker - Tournament "Super Freeroll Stade 1" buyIn: 0€ + 0€ level: 5 - HandId: #697443358192173057-17-1466495370 - Holdem no limit (40/80) - 2016/06/21 07:49:30 UTC
Table: 'Super Freeroll Stade 1(162386186)#0' 6-max (real money) Seat #6 is the button
Seat 1: nicomouk51 (561)
Seat 2: manggy94 (720)
Seat 3: Le Douc (1200)
Seat 4: Parseck (1675)
Seat 5: Verdevant (822)
Seat 6: Veets (4022)
*** ANTE/BLINDS ***
nicomouk51 posts small blind 40
manggy94 posts big blind 80
Dealt to manggy94 [4c Ad]
*** PRE-FLOP *** 
Le Douc raises 120 to 200
Parseck folds
Verdevant folds
Veets folds
nicomouk51 folds
manggy94 calls 120
*** FLOP *** [Qd Ks 4d]
manggy94 bets 520 and is all-in
Le Douc folds
manggy94 collected 960 from pot
*** SUMMARY ***
Total pot 960 | No rake
Board: [Qd Ks 4d]
Seat 2: manggy94 (big blind) won 960


Winamax Poker - Tournament "Super Freeroll Stade 1" buyIn: 0€ + 0€ level: 5 - HandId: #697443358192173057-18-1466495394 - Holdem no limit (40/80) - 2016/06/21 07:49:54 UTC
Table: 'Super Freeroll Stade 1(162386186)#0' 6-max (real money) Seat #1 is the button
Seat 1: nicomouk51 (521)
Seat 2: manggy94 (960)
Seat 3: Le Douc (1000)
Seat 4: Parseck (1675)
Seat 5: Verdevant (822)
Seat 6: Veets (4022)
*** ANTE/BLINDS ***
manggy94 posts small blind 40
Le Douc posts big blind 80
Dealt to manggy94 [Qd 8c]
*** PRE-FLOP *** 
Parseck folds
Verdevant folds
Veets calls 80
nicomouk51 folds
manggy94 calls 40
Le Douc raises 920 to 1000 and is all-in
Veets calls 920
manggy94 folds
*** FLOP *** [Td Ac Ts]
*** TURN *** [Td Ac Ts][Kd]
*** RIVER *** [Td Ac Ts Kd][8h]
*** SHOW DOWN ***
Veets shows [Qs Kh] (Two pairs : Kings and Tens)
Le Douc shows [Ad 4s] (Two pairs : Aces and Tens)
Le Douc collected 2080 from pot
*** SUMMARY ***
Total pot 2080 | No rake
Board: [Td Ac Ts Kd 8h]
Seat 3: Le Douc (big blind) showed [Ad 4s] and won 2080 with Two pairs : Aces and Tens
Seat 6: Veets showed [Qs Kh] and lost with Two pairs : Kings and Tens


Winamax Poker - Tournament "Super Freeroll Stade 1" buyIn: 0€ + 0€ level: 5 - HandId: #697443358192173057-19-1466495419 - Holdem no limit (40/80) - 2016/06/21 07:50:19 UTC
Table: 'Super Freeroll Stade 1(162386186)#0' 6-max (real money) Seat #2 is the button
Seat 1: nicomouk51 (521)
Seat 2: manggy94 (880)
Seat 3: Le Douc (2080)
Seat 4: Parseck (1675)
Seat 5: Verdevant (822)
Seat 6: Veets (3022)
*** ANTE/BLINDS ***
Le Douc posts small blind 40
Parseck posts big blind 80
Dealt to manggy94 [8s 4d]
*** PRE-FLOP *** 
Verdevant folds
Veets folds
nicomouk51 folds
manggy94 folds
Le Douc folds
Parseck collected 120 from pot
*** SUMMARY ***
Total pot 120 | No rake
Seat 4: Parseck (big blind) won 120


Winamax Poker - Tournament "Super Freeroll Stade 1" buyIn: 0€ + 0€ level: 5 - HandId: #697443358192173057-20-1466495428 - Holdem no limit (40/80) - 2016/06/21 07:50:28 UTC
Table: 'Super Freeroll Stade 1(162386186)#0' 6-max (real money) Seat #3 is the button
Seat 1: nicomouk51 (521)
Seat 2: manggy94 (880)
Seat 3: Le Douc (2040)
Seat 4: Parseck (1715)
Seat 5: Verdevant (822)
Seat 6: Veets (3022)
*** ANTE/BLINDS ***
Parseck posts small blind 40
Verdevant posts big blind 80
Dealt to manggy94 [Qh Ks]
*** PRE-FLOP *** 
Veets folds
nicomouk51 raises 80 to 160
manggy94 calls 160
Le Douc folds
Parseck folds
Verdevant calls 80
*** FLOP *** [Tc Th 5h]
Verdevant checks
nicomouk51 bets 361 and is all-in
manggy94 folds
Verdevant calls 361
*** TURN *** [Tc Th 5h][7s]
*** RIVER *** [Tc Th 5h 7s][Qs]
*** SHOW DOWN ***
nicomouk51 shows [Kc 8d] (One pair : Tens)
Verdevant shows [Qc Ts] (Full of Tens and Queens)
Verdevant collected 1242 from pot
*** SUMMARY ***
Total pot 1242 | No rake
Board: [Tc Th 5h 7s Qs]
Seat 1: nicomouk51 showed [Kc 8d] and lost with One pair : Tens
Seat 5: Verdevant (big blind) showed [Qc Ts] and won 1242 with Full of Tens and Queens


Winamax Poker - Tournament "Super Freeroll Stade 1" buyIn: 0€ + 0€ level: 5 - HandId: #697443358192173057-21-1466495466 - Holdem no limit (40/80) - 2016/06/21 07:51:06 UTC
Table: 'Super Freeroll Stade 1(162386186)#0' 6-max (real money) Seat #4 is the button
Seat 2: manggy94 (720)
Seat 3: Le Douc (2040)
Seat 4: Parseck (1675)
Seat 5: Verdevant (1543)
Seat 6: Veets (3022)
*** ANTE/BLINDS ***
Verdevant posts small blind 40
Veets posts big blind 80
Dealt to manggy94 [Td 7c]
*** PRE-FLOP *** 
manggy94 folds
Le Douc raises 200 to 280
Parseck calls 280
Verdevant folds
Veets folds
*** FLOP *** [8c 6h 7h]
Le Douc checks
Parseck checks
*** TURN *** [8c 6h 7h][7d]
Le Douc checks
Parseck checks
*** RIVER *** [8c 6h 7h 7d][8d]
Le Douc bets 80
Parseck calls 80
*** SHOW DOWN ***
Parseck shows [Ks Tc] (Two pairs : 8 and 7)
Le Douc shows [9c Ac] (Two pairs : 8 and 7)
Le Douc collected 840 from pot
*** SUMMARY ***
Total pot 840 | No rake
Board: [8c 6h 7h 7d 8d]
Seat 3: Le Douc showed [9c Ac] and won 840 with Two pairs : 8 and 7
Seat 4: Parseck (button) showed [Ks Tc] and lost with Two pairs : 8 and 7


Winamax Poker - Tournament "Super Freeroll Stade 1" buyIn: 0€ + 0€ level: 5 - HandId: #697443358192173057-22-1466495499 - Holdem no limit (40/80) - 2016/06/21 07:51:39 UTC
Table: 'Super Freeroll Stade 1(162386186)#0' 6-max (real money) Seat #5 is the button
Seat 2: manggy94 (720)
Seat 3: Le Douc (2520)
Seat 4: Parseck (1315)
Seat 5: Verdevant (1503)
Seat 6: Veets (2942)
*** ANTE/BLINDS ***
Veets posts small blind 40
manggy94 posts big blind 80
Dealt to manggy94 [Ts 7d]
*** PRE-FLOP *** 
Le Douc folds
Parseck folds
Verdevant calls 80
Veets calls 40
manggy94 checks
*** FLOP *** [Qs As 3c]
Veets bets 200
manggy94 folds
Verdevant calls 200
*** TURN *** [Qs As 3c][Kd]
Veets checks
Verdevant checks
*** RIVER *** [Qs As 3c Kd][5d]
Veets bets 480
Verdevant folds
Veets collected 1120 from pot
*** SUMMARY ***
Total pot 1120 | No rake
Board: [Qs As 3c Kd 5d]
Seat 6: Veets (small blind) won 1120


Winamax Poker - Tournament "Super Freeroll Stade 1" buyIn: 0€ + 0€ level: 6 - HandId: #697443358192173057-23-1466495522 - Holdem no limit (60/120) - 2016/06/21 07:52:02 UTC
Table: 'Super Freeroll Stade 1(162386186)#0' 6-max (real money) Seat #6 is the button
Seat 2: manggy94 (640)
Seat 3: Le Douc (2520)
Seat 4: Parseck (1315)
Seat 5: Verdevant (1223)
Seat 6: Veets (3302)
*** ANTE/BLINDS ***
manggy94 posts small blind 60
Le Douc posts big blind 120
Dealt to manggy94 [8h Ac]
*** PRE-FLOP *** 
Parseck folds
Verdevant folds
Veets folds
manggy94 raises 520 to 640 and is all-in
Le Douc folds
manggy94 collected 760 from pot
*** SUMMARY ***
Total pot 760 | No rake
Seat 2: manggy94 (small blind) won 760


Winamax Poker - Tournament "Super Freeroll Stade 1" buyIn: 0€ + 0€ level: 6 - HandId: #697443358192173057-24-1466495534 - Holdem no limit (60/120) - 2016/06/21 07:52:14 UTC
Table: 'Super Freeroll Stade 1(162386186)#0' 6-max (real money) Seat #2 is the button
Seat 2: manggy94 (760)
Seat 3: Le Douc (2400)
Seat 4: Parseck (1315)
Seat 5: Verdevant (1223)
Seat 6: Veets (3302)
*** ANTE/BLINDS ***
Le Douc posts small blind 60
Parseck posts big blind 120
Dealt to manggy94 [Jh Ac]
*** PRE-FLOP *** 
Verdevant calls 120
Veets calls 120
manggy94 raises 640 to 760 and is all-in
Le Douc folds
Parseck folds
Verdevant calls 640
Veets calls 640
*** FLOP *** [Jc 3s 6d]
Verdevant bets 463 and is all-in
Veets folds
*** TURN *** [Jc 3s 6d][Ks]
*** RIVER *** [Jc 3s 6d Ks][6c]
*** SHOW DOWN ***
manggy94 shows [Jh Ac] (Two pairs : Jacks and 6)
Verdevant shows [Qs Kc] (Two pairs : Kings and 6)
Verdevant collected 2923 from pot
*** SUMMARY ***
Total pot 2923 | No rake
Board: [Jc 3s 6d Ks 6c]
Seat 2: manggy94 (button) showed [Jh Ac] and lost with Two pairs : Jacks and 6
Seat 5: Verdevant showed [Qs Kc] and won 2923 with Two pairs : Kings and 6


