Winamax Poker - Tournament "Hit&Run Ticket 5€" buyIn: 0.90€ + 0.10€ level:  - HandId: #690184146202394628-1-1466173739 - Holdem no limit (100/200) - 2016/06/17 14:28:59 UTC
Table: 'Hit&Run Ticket 5€(160696019)#003' 6-max (real money) Seat #4 is the button
Seat 4: manggy94 (9000)
Seat 5: depapy (9000)
*** ANTE/BLINDS ***
manggy94 posts small blind 100
depapy posts big blind 200
Dealt to manggy94 [5h 5c]
*** PRE-FLOP *** 
manggy94 raises 400 to 600
depapy folds
manggy94 collected 800 from pot
*** SUMMARY ***
Total pot 800 | No rake
Seat 4: manggy94 (small blind) (button) won 800


Winamax Poker - Tournament "Hit&Run Ticket 5€" buyIn: 0.90€ + 0.10€ level: 5 - HandId: #690184146202394628-2-1466173757 - Holdem no limit (150/300) - 2016/06/17 14:29:17 UTC
Table: 'Hit&Run Ticket 5€(160696019)#003' 6-max (real money) Seat #5 is the button
Seat 4: manggy94 (9200)
Seat 5: depapy (8800)
*** ANTE/BLINDS ***
depapy posts small blind 150
manggy94 posts big blind 300
Dealt to manggy94 [5c 2d]
*** PRE-FLOP *** 
depapy folds
manggy94 collected 450 from pot
*** SUMMARY ***
Total pot 450 | No rake
Seat 4: manggy94 (big blind) won 450


Winamax Poker - Tournament "Hit&Run Ticket 5€" buyIn: 0.90€ + 0.10€ level:  - HandId: #690184146202394629-2-1466173822 - Holdem no limit (150/300) - 2016/06/17 14:30:22 UTC
Table: 'Hit&Run Ticket 5€(160696019)#004' 6-max (real money) Seat #5 is the button
Seat 1: Act-a-Full (9300)
Seat 3: manggy94 (9350)
Seat 5: marcelino196 (8700)
*** ANTE/BLINDS ***
Act-a-Full posts small blind 150
manggy94 posts big blind 300
Dealt to manggy94 [8h Qc]
*** PRE-FLOP *** 
marcelino196 raises 750 to 1050
Act-a-Full folds
manggy94 folds
marcelino196 collected 1500 from pot
*** SUMMARY ***
Total pot 1500 | No rake
Seat 5: marcelino196 (button) won 1500


Winamax Poker - Tournament "Hit&Run Ticket 5€" buyIn: 0.90€ + 0.10€ level:  - HandId: #690184146202394629-3-1466173839 - Holdem no limit (150/300) - 2016/06/17 14:30:39 UTC
Table: 'Hit&Run Ticket 5€(160696019)#004' 6-max (real money) Seat #1 is the button
Seat 1: Act-a-Full (9150)
Seat 3: manggy94 (9050)
Seat 5: marcelino196 (9150)
*** ANTE/BLINDS ***
manggy94 posts small blind 150
marcelino196 posts big blind 300
Dealt to manggy94 [7h 6d]
*** PRE-FLOP *** 
Act-a-Full folds
manggy94 raises 300 to 600
marcelino196 calls 300
*** FLOP *** [3c 3s 8d]
manggy94 checks
marcelino196 checks
*** TURN *** [3c 3s 8d][8h]
manggy94 bets 300
marcelino196 calls 300
*** RIVER *** [3c 3s 8d 8h][9s]
manggy94 checks
marcelino196 bets 1800
manggy94 folds
marcelino196 collected 3600 from pot
*** SUMMARY ***
Total pot 3600 | No rake
Board: [3c 3s 8d 8h 9s]
Seat 5: marcelino196 (big blind) won 3600


Winamax Poker - Tournament "Hit&Run Ticket 5€" buyIn: 0.90€ + 0.10€ level:  - HandId: #690184146202394629-4-1466173866 - Holdem no limit (150/300) - 2016/06/17 14:31:06 UTC
Table: 'Hit&Run Ticket 5€(160696019)#004' 6-max (real money) Seat #3 is the button
Seat 1: Act-a-Full (9150)
Seat 2: dumbo01 (9500)
Seat 3: manggy94 (8150)
Seat 5: marcelino196 (10050)
Seat 6: B.BINIOU (11032)
*** ANTE/BLINDS ***
marcelino196 posts small blind 150
B.BINIOU posts big blind 300
Dealt to manggy94 [5c 2c]
*** PRE-FLOP *** 
Act-a-Full raises 750 to 1050
dumbo01 folds
manggy94 folds
marcelino196 calls 900
B.BINIOU calls 750
*** FLOP *** [8c 6c 6d]
marcelino196 checks
B.BINIOU checks
Act-a-Full bets 2363
marcelino196 raises 6637 to 9000 and is all-in
B.BINIOU folds
Act-a-Full folds
marcelino196 collected 14513 from pot
*** SUMMARY ***
Total pot 14513 | No rake
Board: [8c 6c 6d]
Seat 5: marcelino196 (small blind) won 14513


Winamax Poker - Tournament "Hit&Run Ticket 5€" buyIn: 0.90€ + 0.10€ level:  - HandId: #690184146202394629-5-1466173940 - Holdem no limit (150/300) - 2016/06/17 14:32:20 UTC
Table: 'Hit&Run Ticket 5€(160696019)#004' 6-max (real money) Seat #5 is the button
Seat 1: Act-a-Full (5737)
Seat 2: dumbo01 (9500)
Seat 3: manggy94 (8150)
Seat 4: impalas_obey (9000)
Seat 5: marcelino196 (14513)
Seat 6: B.BINIOU (9982)
*** ANTE/BLINDS ***
B.BINIOU posts small blind 150
Act-a-Full posts big blind 300
Dealt to manggy94 [3h 6c]
*** PRE-FLOP *** 
dumbo01 folds
manggy94 folds
impalas_obey folds
marcelino196 calls 300
B.BINIOU calls 150
Act-a-Full raises 5437 to 5737 and is all-in
marcelino196 calls 5437
B.BINIOU folds
*** FLOP *** [Ks 3s 3c]
*** TURN *** [Ks 3s 3c][8s]
*** RIVER *** [Ks 3s 3c 8s][8d]
*** SHOW DOWN ***
marcelino196 shows [Ah 4d] (Two pairs : 8 and 3)
Act-a-Full shows [4h 4s] (Two pairs : 8 and 4)
Act-a-Full collected 11774 from pot
*** SUMMARY ***
Total pot 11774 | No rake
Board: [Ks 3s 3c 8s 8d]
Seat 1: Act-a-Full (big blind) showed [4h 4s] and won 11774 with Two pairs : 8 and 4
Seat 5: marcelino196 (button) showed [Ah 4d] and lost with Two pairs : 8 and 3


Winamax Poker - Tournament "Hit&Run Ticket 5€" buyIn: 0.90€ + 0.10€ level:  - HandId: #690184146202394629-6-1466173986 - Holdem no limit (150/300) - 2016/06/17 14:33:06 UTC
Table: 'Hit&Run Ticket 5€(160696019)#004' 6-max (real money) Seat #6 is the button
Seat 1: Act-a-Full (11774)
Seat 2: dumbo01 (9500)
Seat 3: manggy94 (8150)
Seat 4: impalas_obey (9000)
Seat 5: marcelino196 (8776)
Seat 6: B.BINIOU (9682)
*** ANTE/BLINDS ***
Act-a-Full posts small blind 150
dumbo01 posts big blind 300
Dealt to manggy94 [6c Th]
*** PRE-FLOP *** 
manggy94 calls 300
impalas_obey folds
marcelino196 folds
B.BINIOU raises 1200 to 1500
Act-a-Full folds
dumbo01 folds
manggy94 calls 1200
*** FLOP *** [3s As Qc]
manggy94 checks
B.BINIOU bets 300
manggy94 folds
B.BINIOU collected 3750 from pot
*** SUMMARY ***
Total pot 3750 | No rake
Board: [3s As Qc]
Seat 6: B.BINIOU (button) won 3750


Winamax Poker - Tournament "Hit&Run Ticket 5€" buyIn: 0.90€ + 0.10€ level:  - HandId: #690184146202394629-7-1466174026 - Holdem no limit (150/300) - 2016/06/17 14:33:46 UTC
Table: 'Hit&Run Ticket 5€(160696019)#004' 6-max (real money) Seat #1 is the button
Seat 1: Act-a-Full (11624)
Seat 2: dumbo01 (9200)
Seat 3: manggy94 (6650)
Seat 4: impalas_obey (9000)
Seat 5: marcelino196 (8776)
Seat 6: B.BINIOU (11632)
*** ANTE/BLINDS ***
dumbo01 posts small blind 150
manggy94 posts big blind 300
Dealt to manggy94 [8d 2h]
*** PRE-FLOP *** 
impalas_obey folds
marcelino196 calls 300
B.BINIOU folds
Act-a-Full folds
dumbo01 calls 150
manggy94 checks
*** FLOP *** [Th 5d Kc]
dumbo01 checks
manggy94 checks
marcelino196 checks
*** TURN *** [Th 5d Kc][Tc]
dumbo01 checks
manggy94 checks
marcelino196 bets 900
dumbo01 folds
manggy94 folds
marcelino196 collected 1800 from pot
*** SUMMARY ***
Total pot 1800 | No rake
Board: [Th 5d Kc Tc]
Seat 5: marcelino196 won 1800


Winamax Poker - Tournament "Hit&Run Ticket 5€" buyIn: 0.90€ + 0.10€ level:  - HandId: #690184146202394629-8-1466174097 - Holdem no limit (150/300) - 2016/06/17 14:34:57 UTC
Table: 'Hit&Run Ticket 5€(160696019)#004' 6-max (real money) Seat #2 is the button
Seat 1: Act-a-Full (11624)
Seat 2: dumbo01 (8900)
Seat 3: manggy94 (6350)
Seat 4: impalas_obey (9000)
Seat 5: marcelino196 (9376)
Seat 6: B.BINIOU (11632)
*** ANTE/BLINDS ***
manggy94 posts small blind 150
impalas_obey posts big blind 300
Dealt to manggy94 [2h 2s]
*** PRE-FLOP *** 
marcelino196 calls 300
B.BINIOU folds
Act-a-Full calls 300
dumbo01 folds
manggy94 raises 6050 to 6350 and is all-in
impalas_obey folds
marcelino196 calls 6050
Act-a-Full folds
*** FLOP *** [Jd Qh Ts]
*** TURN *** [Jd Qh Ts][6c]
*** RIVER *** [Jd Qh Ts 6c][Kh]
*** SHOW DOWN ***
manggy94 shows [2h 2s] (One pair : 2)
marcelino196 shows [4c Ac] (Straight Ace high)
marcelino196 collected 13300 from pot
*** SUMMARY ***
Total pot 13300 | No rake
Board: [Jd Qh Ts 6c Kh]
Seat 3: manggy94 (small blind) showed [2h 2s] and lost with One pair : 2
Seat 5: marcelino196 showed [4c Ac] and won 13300 with Straight Ace high


