Winamax Poker - Tournament "Super Freeroll Stade 1" buyIn: 0€ + 0€ level: 1 - HandId: #704310452552728577-1-1468098484 - Holdem no limit (10/20) - 2016/07/09 21:08:04 UTC
Table: 'Super Freeroll Stade 1(163985056)#0' 6-max (real money) Seat #2 is the button
Seat 1: skatt (1500)
Seat 2: Nonord67 (1500)
Seat 3: manggy94 (1500)
Seat 4: Tsipras (1500)
Seat 5: corsaire40 (1500)
Seat 6: K.tur10 (1500)
*** ANTE/BLINDS ***
manggy94 posts small blind 10
Tsipras posts big blind 20
Dealt to manggy94 [6h 8s]
*** PRE-FLOP *** 
corsaire40 folds
K.tur10 raises 20 to 40
skatt calls 40
Nonord67 folds
manggy94 folds
Tsipras folds
*** FLOP *** [Ac Jh 6s]
K.tur10 checks
skatt checks
*** TURN *** [Ac Jh 6s][Ts]
K.tur10 bets 20
skatt raises 20 to 40
K.tur10 calls 20
*** RIVER *** [Ac Jh 6s Ts][Qs]
K.tur10 bets 127
skatt calls 127
*** SHOW DOWN ***
skatt shows [6d 6c] (Trips of 6)
K.tur10 shows [9s Ks] (Flush King high)
K.tur10 collected 444 from pot
*** SUMMARY ***
Total pot 444 | No rake
Board: [Ac Jh 6s Ts Qs]
Seat 1: skatt showed [6d 6c] and lost with Trips of 6
Seat 6: K.tur10 showed [9s Ks] and won 444 with Flush King high


Winamax Poker - Tournament "Super Freeroll Stade 1" buyIn: 0€ + 0€ level: 1 - HandId: #704310452552728577-2-1468098581 - Holdem no limit (10/20) - 2016/07/09 21:09:41 UTC
Table: 'Super Freeroll Stade 1(163985056)#0' 6-max (real money) Seat #3 is the button
Seat 1: skatt (1293)
Seat 2: Nonord67 (1500)
Seat 3: manggy94 (1490)
Seat 4: Tsipras (1480)
Seat 5: corsaire40 (1500)
Seat 6: K.tur10 (1737)
*** ANTE/BLINDS ***
Tsipras posts small blind 10
corsaire40 posts big blind 20
Dealt to manggy94 [9s Qd]
*** PRE-FLOP *** 
K.tur10 raises 60 to 80
skatt folds
Nonord67 raises 1420 to 1500 and is all-in
manggy94 folds
Tsipras folds
corsaire40 folds
K.tur10 folds
Nonord67 collected 1610 from pot
*** SUMMARY ***
Total pot 1610 | No rake
Seat 2: Nonord67 won 1610


Winamax Poker - Tournament "Super Freeroll Stade 1" buyIn: 0€ + 0€ level: 2 - HandId: #704310452552728577-3-1468098670 - Holdem no limit (15/30) - 2016/07/09 21:11:10 UTC
Table: 'Super Freeroll Stade 1(163985056)#0' 6-max (real money) Seat #4 is the button
Seat 1: skatt (1293)
Seat 2: Nonord67 (1610)
Seat 3: manggy94 (1490)
Seat 4: Tsipras (1470)
Seat 5: corsaire40 (1480)
Seat 6: K.tur10 (1657)
*** ANTE/BLINDS ***
corsaire40 posts small blind 15
K.tur10 posts big blind 30
Dealt to manggy94 [3c 8s]
*** PRE-FLOP *** 
skatt folds
Nonord67 raises 1580 to 1610 and is all-in
manggy94 folds
Tsipras calls 1470 and is all-in
corsaire40 folds
K.tur10 folds
*** FLOP *** [Qc Js 5d]
*** TURN *** [Qc Js 5d][4d]
*** RIVER *** [Qc Js 5d 4d][Jd]
*** SHOW DOWN ***
Tsipras shows [Kh Ac] (One pair : Jacks)
Nonord67 shows [2d 2s] (Two pairs : Jacks and 2)
Nonord67 collected 3125 from pot
*** SUMMARY ***
Total pot 3125 | No rake
Board: [Qc Js 5d 4d Jd]
Seat 2: Nonord67 showed [2d 2s] and won 3125 with Two pairs : Jacks and 2
Seat 4: Tsipras (button) showed [Kh Ac] and lost with One pair : Jacks


Winamax Poker - Tournament "Super Freeroll Stade 1" buyIn: 0€ + 0€ level: 2 - HandId: #704310452552728577-4-1468098713 - Holdem no limit (15/30) - 2016/07/09 21:11:53 UTC
Table: 'Super Freeroll Stade 1(163985056)#0' 6-max (real money) Seat #5 is the button
Seat 1: skatt (1293)
Seat 2: Nonord67 (3125)
Seat 3: manggy94 (1490)
Seat 5: corsaire40 (1465)
Seat 6: K.tur10 (1627)
*** ANTE/BLINDS ***
K.tur10 posts small blind 15
skatt posts big blind 30
Dealt to manggy94 [5s 6h]
*** PRE-FLOP *** 
Nonord67 raises 3095 to 3125 and is all-in
manggy94 folds
corsaire40 folds
K.tur10 folds
skatt folds
Nonord67 collected 3170 from pot
*** SUMMARY ***
Total pot 3170 | No rake
Seat 2: Nonord67 won 3170


Winamax Poker - Tournament "Super Freeroll Stade 1" buyIn: 0€ + 0€ level: 2 - HandId: #704310452552728577-5-1468098770 - Holdem no limit (15/30) - 2016/07/09 21:12:50 UTC
Table: 'Super Freeroll Stade 1(163985056)#0' 6-max (real money) Seat #6 is the button
Seat 1: skatt (1263)
Seat 2: Nonord67 (3170)
Seat 3: manggy94 (1490)
Seat 5: corsaire40 (1465)
Seat 6: K.tur10 (1612)
*** ANTE/BLINDS ***
skatt posts small blind 15
Nonord67 posts big blind 30
Dealt to manggy94 [2d Tc]
*** PRE-FLOP *** 
manggy94 folds
corsaire40 folds
K.tur10 folds
skatt calls 15
Nonord67 raises 3140 to 3170 and is all-in
skatt folds
Nonord67 collected 3200 from pot
*** SUMMARY ***
Total pot 3200 | No rake
Seat 2: Nonord67 (big blind) won 3200


Winamax Poker - Tournament "Super Freeroll Stade 1" buyIn: 0€ + 0€ level: 2 - HandId: #704310452552728577-6-1468098831 - Holdem no limit (15/30) - 2016/07/09 21:13:51 UTC
Table: 'Super Freeroll Stade 1(163985056)#0' 6-max (real money) Seat #1 is the button
Seat 1: skatt (1233)
Seat 2: Nonord67 (3200)
Seat 3: manggy94 (1490)
Seat 5: corsaire40 (1465)
Seat 6: K.tur10 (1612)
*** ANTE/BLINDS ***
Nonord67 posts small blind 15
manggy94 posts big blind 30
Dealt to manggy94 [5h Jc]
*** PRE-FLOP *** 
corsaire40 folds
K.tur10 raises 30 to 60
skatt folds
Nonord67 raises 2569 to 2629
manggy94 folds
K.tur10 calls 1552 and is all-in
*** FLOP *** [Ts 2c 7d]
*** TURN *** [Ts 2c 7d][2s]
*** RIVER *** [Ts 2c 7d 2s][8h]
*** SHOW DOWN ***
Nonord67 shows [5s Kh] (One pair : 2)
K.tur10 shows [Ac Js] (One pair : 2)
K.tur10 collected 3254 from main pot
Nonord67 collected 1017 from side pot 1
*** SUMMARY ***
Total pot 4271 | No rake
Board: [Ts 2c 7d 2s 8h]
Seat 2: Nonord67 (small blind) showed [5s Kh] and won 1017 with One pair : 2
Seat 6: K.tur10 showed [Ac Js] and won 3254 with One pair : 2


Winamax Poker - Tournament "Super Freeroll Stade 1" buyIn: 0€ + 0€ level: 3 - HandId: #704310452552728577-7-1468098871 - Holdem no limit (20/40) - 2016/07/09 21:14:31 UTC
Table: 'Super Freeroll Stade 1(163985056)#0' 6-max (real money) Seat #2 is the button
Seat 1: skatt (1233)
Seat 2: Nonord67 (1588)
Seat 3: manggy94 (1460)
Seat 5: corsaire40 (1465)
Seat 6: K.tur10 (3254)
*** ANTE/BLINDS ***
manggy94 posts small blind 20
corsaire40 posts big blind 40
Dealt to manggy94 [Ac 3d]
*** PRE-FLOP *** 
K.tur10 folds
skatt folds
Nonord67 raises 1548 to 1588 and is all-in
manggy94 calls 1440 and is all-in
corsaire40 folds
*** FLOP *** [4s 4d 9s]
*** TURN *** [4s 4d 9s][2c]
*** RIVER *** [4s 4d 9s 2c][3h]
*** SHOW DOWN ***
manggy94 shows [Ac 3d] (Two pairs : 4 and 3)
Nonord67 shows [9c Tc] (Two pairs : 9 and 4)
Nonord67 collected 3088 from pot
*** SUMMARY ***
Total pot 3088 | No rake
Board: [4s 4d 9s 2c 3h]
Seat 2: Nonord67 (button) showed [9c Tc] and won 3088 with Two pairs : 9 and 4
Seat 3: manggy94 (small blind) showed [Ac 3d] and lost with Two pairs : 4 and 3


