Winamax Poker - Tournament "Kill The Fish" buyIn: 9€ + 1€ level:  - HandId: #707328087984963606-2-1470072528 - Holdem no limit (75/150) - 2016/08/01 17:28:48 UTC
Table: 'Kill The Fish(164687654)#021' 8-max (real money) Seat #8 is the button
Seat 3: manggy94 (10000)
Seat 6: cyril59122 (10075)
Seat 7: Coctaine (10000)
Seat 8: jerome33j (9925)
*** ANTE/BLINDS ***
cyril59122 posts small blind 75
Coctaine posts big blind 150
*** PRE-FLOP *** 
jerome33j raises 675 to 825
cyril59122 folds
Coctaine folds
jerome33j collected 1050 from pot
*** SUMMARY ***
Total pot 1050 | No rake
Seat 8: jerome33j (button) won 1050


Winamax Poker - Tournament "Kill The Fish" buyIn: 9€ + 1€ level:  - HandId: #707328087984963606-3-1470072546 - Holdem no limit (75/150) - 2016/08/01 17:29:06 UTC
Table: 'Kill The Fish(164687654)#021' 8-max (real money) Seat #6 is the button
Seat 3: manggy94 (10000)
Seat 5: pinou42 (10225)
Seat 6: cyril59122 (10000)
Seat 7: Coctaine (9850)
Seat 8: jerome33j (10150)
*** ANTE/BLINDS ***
Coctaine posts small blind 75
jerome33j posts big blind 150
Dealt to manggy94 [Ts Td]
*** PRE-FLOP *** 
manggy94 raises 375 to 525
pinou42 calls 525
cyril59122 folds
Coctaine folds
jerome33j folds
*** FLOP *** [7d 3d 9d]
manggy94 bets 638
pinou42 folds
manggy94 collected 1913 from pot
*** SUMMARY ***
Total pot 1913 | No rake
Board: [7d 3d 9d]
Seat 3: manggy94 won 1913


Winamax Poker - Tournament "Kill The Fish" buyIn: 9€ + 1€ level:  - HandId: #707328087984963606-4-1470072584 - Holdem no limit (75/150) - 2016/08/01 17:29:44 UTC
Table: 'Kill The Fish(164687654)#021' 8-max (real money) Seat #7 is the button
Seat 2: titialex72 (10000)
Seat 3: manggy94 (10750)
Seat 4: eltiti84 (10000)
Seat 5: pinou42 (9700)
Seat 6: cyril59122 (10000)
Seat 7: Coctaine (9775)
Seat 8: jerome33j (10000)
*** ANTE/BLINDS ***
jerome33j posts small blind 75
titialex72 posts big blind 150
Dealt to manggy94 [Jh 7c]
*** PRE-FLOP *** 
manggy94 folds
eltiti84 folds
pinou42 calls 150
cyril59122 folds
Coctaine folds
jerome33j raises 9850 to 10000 and is all-in
titialex72 folds
pinou42 folds
jerome33j collected 10300 from pot
*** SUMMARY ***
Total pot 10300 | No rake
Seat 8: jerome33j (small blind) won 10300


Winamax Poker - Tournament "Kill The Fish" buyIn: 9€ + 1€ level:  - HandId: #707328087984963606-5-1470072619 - Holdem no limit (75/150) - 2016/08/01 17:30:19 UTC
Table: 'Kill The Fish(164687654)#021' 8-max (real money) Seat #8 is the button
Seat 1: Cookies26 (10000)
Seat 2: titialex72 (9850)
Seat 3: manggy94 (10750)
Seat 4: eltiti84 (10000)
Seat 5: pinou42 (9550)
Seat 6: cyril59122 (10000)
Seat 7: Coctaine (9775)
Seat 8: jerome33j (10300)
*** ANTE/BLINDS ***
titialex72 posts small blind 75
manggy94 posts big blind 150
Dealt to manggy94 [7c Kd]
*** PRE-FLOP *** 
eltiti84 folds
pinou42 folds
cyril59122 folds
Coctaine raises 150 to 300
jerome33j calls 300
titialex72 calls 225
manggy94 calls 150
*** FLOP *** [8c 3d 8d]
titialex72 bets 1200
manggy94 folds
Coctaine calls 1200
jerome33j folds
*** TURN *** [8c 3d 8d][3c]
titialex72 checks
Coctaine checks
*** RIVER *** [8c 3d 8d 3c][Ac]
titialex72 bets 2400
Coctaine raises 5875 to 8275 and is all-in
titialex72 folds
Coctaine collected 14275 from pot
*** SUMMARY ***
Total pot 14275 | No rake
Board: [8c 3d 8d 3c Ac]
Seat 7: Coctaine won 14275


