Winamax Poker - Tournament "FAST FOOD" buyIn: 4.50€ + 0.50€ level:  - HandId: #690181487617638420-2-1466158582 - Holdem no limit (25/50) - 2016/06/17 10:16:22 UTC
Table: 'FAST FOOD(160695400)#019' 8-max (real money) Seat #2 is the button
Seat 1: GuiziGuiz230 (10000)
Seat 2: yvonesto06 (11350)
Seat 3: AAtchoum28 (10000)
Seat 4: manggy94 (10000)
Seat 5: fulldifs (8650)
Seat 6: Larak (10000)
Seat 7: schiltig1 (10000)
Seat 8: easydoor18 (10000)
*** ANTE/BLINDS ***
fulldifs posts small blind 25
Larak posts big blind 50
*** PRE-FLOP *** 
schiltig1 folds
easydoor18 raises 75 to 125
GuiziGuiz230 folds
yvonesto06 folds
fulldifs folds
Larak raises 500 to 625
easydoor18 folds
Larak collected 775 from pot
*** SUMMARY ***
Total pot 775 | No rake
Seat 6: Larak (big blind) won 775


Winamax Poker - Tournament "FAST FOOD" buyIn: 4.50€ + 0.50€ level:  - HandId: #690181487617638420-3-1466158617 - Holdem no limit (25/50) - 2016/06/17 10:16:57 UTC
Table: 'FAST FOOD(160695400)#019' 8-max (real money) Seat #5 is the button
Seat 1: GuiziGuiz230 (10000)
Seat 2: yvonesto06 (11350)
Seat 3: AAtchoum28 (10000)
Seat 4: manggy94 (10000)
Seat 5: fulldifs (8625)
Seat 7: schiltig1 (10000)
Seat 8: easydoor18 (9875)
*** ANTE/BLINDS ***
schiltig1 posts big blind 50
Dealt to manggy94 [7d 9s]
*** PRE-FLOP *** 
easydoor18 folds
GuiziGuiz230 folds
yvonesto06 folds
AAtchoum28 raises 50 to 100
manggy94 folds
fulldifs raises 725 to 825
schiltig1 folds
AAtchoum28 calls 725
*** FLOP *** [8d 7s 5d]
AAtchoum28 checks
fulldifs bets 1700
AAtchoum28 raises 7475 to 9175 and is all-in
fulldifs calls 6100 and is all-in
*** TURN *** [8d 7s 5d][Ad]
*** RIVER *** [8d 7s 5d Ad][Jh]
*** SHOW DOWN ***
fulldifs shows [Jd Jc] (Trips of Jacks)
AAtchoum28 shows [6c Tc] (High card : Ace)
AAtchoum28 collected 1375 from side pot 1
fulldifs collected 17300 from main pot
*** SUMMARY ***
Total pot 18675 | No rake
Board: [8d 7s 5d Ad Jh]
Seat 3: AAtchoum28 showed [6c Tc] and won 1375 with High card : Ace
Seat 5: fulldifs (button) showed [Jd Jc] and won 17300 with Trips of Jacks


Winamax Poker - Tournament "FAST FOOD" buyIn: 4.50€ + 0.50€ level: 2 - HandId: #690181487617638420-4-1466158719 - Holdem no limit (50/100) - 2016/06/17 10:18:39 UTC
Table: 'FAST FOOD(160695400)#019' 8-max (real money) Seat #6 is the button
Seat 1: GuiziGuiz230 (10000)
Seat 2: yvonesto06 (11350)
Seat 3: AAtchoum28 (1375)
Seat 4: manggy94 (10000)
Seat 5: fulldifs (17300)
Seat 6: Lagerback (10000)
Seat 7: schiltig1 (9950)
Seat 8: easydoor18 (9875)
*** ANTE/BLINDS ***
schiltig1 posts small blind 50
easydoor18 posts big blind 100
Dealt to manggy94 [Ts Th]
*** PRE-FLOP *** 
GuiziGuiz230 folds
yvonesto06 folds
AAtchoum28 folds
manggy94 raises 200 to 300
fulldifs folds
schiltig1 folds
easydoor18 folds
manggy94 collected 450 from pot
*** SUMMARY ***
Total pot 450 | No rake
Seat 4: manggy94 won 450


Winamax Poker - Tournament "FAST FOOD" buyIn: 4.50€ + 0.50€ level: 2 - HandId: #690181487617638420-5-1466158757 - Holdem no limit (50/100) - 2016/06/17 10:19:17 UTC
Table: 'FAST FOOD(160695400)#019' 8-max (real money) Seat #7 is the button
Seat 1: GuiziGuiz230 (10000)
Seat 2: yvonesto06 (11350)
Seat 3: AAtchoum28 (1375)
Seat 4: manggy94 (10150)
Seat 5: fulldifs (17300)
Seat 6: Lagerback (10000)
Seat 7: schiltig1 (9900)
Seat 8: easydoor18 (9775)
*** ANTE/BLINDS ***
easydoor18 posts small blind 50
GuiziGuiz230 posts big blind 100
Dealt to manggy94 [5d Qh]
*** PRE-FLOP *** 
yvonesto06 folds
AAtchoum28 raises 1275 to 1375 and is all-in
manggy94 folds
fulldifs calls 1375
Lagerback folds
schiltig1 calls 1375
easydoor18 folds
GuiziGuiz230 folds
*** FLOP *** [5c 9h 7d]
fulldifs bets 2850
schiltig1 folds
*** TURN *** [5c 9h 7d][3c]
*** RIVER *** [5c 9h 7d 3c][4h]
*** SHOW DOWN ***
AAtchoum28 shows [4d Kd] (One pair : 4)
fulldifs shows [7s 6c] (Straight 7 high)
fulldifs collected 7125 from pot
*** SUMMARY ***
Total pot 7125 | No rake
Board: [5c 9h 7d 3c 4h]
Seat 3: AAtchoum28 showed [4d Kd] and lost with One pair : 4
Seat 5: fulldifs showed [7s 6c] and won 7125 with Straight 7 high


Winamax Poker - Tournament "FAST FOOD" buyIn: 4.50€ + 0.50€ level: 2 - HandId: #690181487617638420-6-1466158821 - Holdem no limit (50/100) - 2016/06/17 10:20:21 UTC
Table: 'FAST FOOD(160695400)#019' 8-max (real money) Seat #8 is the button
Seat 1: GuiziGuiz230 (9900)
Seat 2: yvonesto06 (11350)
Seat 4: manggy94 (10150)
Seat 5: fulldifs (20200)
Seat 6: Lagerback (10000)
Seat 7: schiltig1 (8525)
Seat 8: easydoor18 (9725)
*** ANTE/BLINDS ***
GuiziGuiz230 posts small blind 50
yvonesto06 posts big blind 100
Dealt to manggy94 [Td 8c]
*** PRE-FLOP *** 
manggy94 folds
fulldifs folds
Lagerback folds
schiltig1 folds
easydoor18 folds
GuiziGuiz230 raises 100 to 200
yvonesto06 folds
GuiziGuiz230 collected 300 from pot
*** SUMMARY ***
Total pot 300 | No rake
Seat 1: GuiziGuiz230 (small blind) won 300


Winamax Poker - Tournament "FAST FOOD" buyIn: 4.50€ + 0.50€ level: 2 - HandId: #690181487617638420-7-1466158860 - Holdem no limit (50/100) - 2016/06/17 10:21:00 UTC
Table: 'FAST FOOD(160695400)#019' 8-max (real money) Seat #1 is the button
Seat 1: GuiziGuiz230 (10000)
Seat 2: yvonesto06 (11250)
Seat 3: JTplayePlus (10000)
Seat 4: manggy94 (10150)
Seat 5: fulldifs (20200)
Seat 6: Lagerback (10000)
Seat 7: schiltig1 (8525)
Seat 8: easydoor18 (9725)
*** ANTE/BLINDS ***
yvonesto06 posts small blind 50
JTplayePlus posts big blind 100
Dealt to manggy94 [2s Th]
*** PRE-FLOP *** 
manggy94 folds
fulldifs folds
Lagerback folds
schiltig1 folds
easydoor18 folds
GuiziGuiz230 raises 100 to 200
yvonesto06 folds
JTplayePlus raises 9800 to 10000 and is all-in
GuiziGuiz230 calls 9800 and is all-in
*** FLOP *** [Qh 8s Ks]
*** TURN *** [Qh 8s Ks][5h]
*** RIVER *** [Qh 8s Ks 5h][9h]
*** SHOW DOWN ***
GuiziGuiz230 shows [Ad Ah] (One pair : Aces)
JTplayePlus shows [7d 6h] (Straight 9 high)
JTplayePlus collected 20050 from pot
*** SUMMARY ***
Total pot 20050 | No rake
Board: [Qh 8s Ks 5h 9h]
Seat 1: GuiziGuiz230 (button) showed [Ad Ah] and lost with One pair : Aces
Seat 3: JTplayePlus (big blind) showed [7d 6h] and won 20050 with Straight 9 high


Winamax Poker - Tournament "FAST FOOD" buyIn: 4.50€ + 0.50€ level: 3 - HandId: #690181487617638420-8-1466158894 - Holdem no limit (75/150) - 2016/06/17 10:21:34 UTC
Table: 'FAST FOOD(160695400)#019' 8-max (real money) Seat #2 is the button
Seat 2: yvonesto06 (11200)
Seat 3: JTplayePlus (20050)
Seat 4: manggy94 (10150)
Seat 5: fulldifs (20200)
Seat 6: Lagerback (10000)
Seat 7: schiltig1 (8525)
Seat 8: easydoor18 (9725)
*** ANTE/BLINDS ***
JTplayePlus posts small blind 75
manggy94 posts big blind 150
Dealt to manggy94 [6h Kc]
*** PRE-FLOP *** 
fulldifs calls 150
Lagerback folds
schiltig1 folds
easydoor18 folds
yvonesto06 folds
JTplayePlus folds
manggy94 checks
*** FLOP *** [8h Ad 7s]
manggy94 bets 150
fulldifs calls 150
*** TURN *** [8h Ad 7s][8d]
manggy94 bets 338
fulldifs calls 338
*** RIVER *** [8h Ad 7s 8d][Qc]
manggy94 bets 150
fulldifs folds
manggy94 collected 1501 from pot
*** SUMMARY ***
Total pot 1501 | No rake
Board: [8h Ad 7s 8d Qc]
Seat 4: manggy94 (big blind) won 1501


Winamax Poker - Tournament "FAST FOOD" buyIn: 4.50€ + 0.50€ level: 3 - HandId: #690181487617638420-9-1466158950 - Holdem no limit (75/150) - 2016/06/17 10:22:30 UTC
Table: 'FAST FOOD(160695400)#019' 8-max (real money) Seat #3 is the button
Seat 1: hatebetclic (10000)
Seat 2: yvonesto06 (11200)
Seat 3: JTplayePlus (19975)
Seat 4: manggy94 (10863)
Seat 5: fulldifs (19562)
Seat 6: Lagerback (10000)
Seat 7: schiltig1 (8525)
Seat 8: easydoor18 (9725)
*** ANTE/BLINDS ***
manggy94 posts small blind 75
fulldifs posts big blind 150
Dealt to manggy94 [9c 9h]
*** PRE-FLOP *** 
Lagerback folds
schiltig1 calls 150
easydoor18 folds
hatebetclic folds
yvonesto06 folds
JTplayePlus folds
manggy94 calls 75
fulldifs checks
*** FLOP *** [2h 6s Ts]
manggy94 bets 150
fulldifs calls 150
schiltig1 folds
*** TURN *** [2h 6s Ts][8d]
manggy94 checks
fulldifs checks
*** RIVER *** [2h 6s Ts 8d][Kd]
manggy94 checks
fulldifs checks
*** SHOW DOWN ***
fulldifs shows [2c 7s] (One pair : 2)
manggy94 shows [9c 9h] (One pair : 9)
manggy94 collected 750 from pot
*** SUMMARY ***
Total pot 750 | No rake
Board: [2h 6s Ts 8d Kd]
Seat 4: manggy94 (small blind) showed [9c 9h] and won 750 with One pair : 9
Seat 5: fulldifs (big blind) showed [2c 7s] and lost with One pair : 2


Winamax Poker - Tournament "FAST FOOD" buyIn: 4.50€ + 0.50€ level: 4 - HandId: #690181487617638420-10-1466159060 - Holdem no limit (100/200) - 2016/06/17 10:24:20 UTC
Table: 'FAST FOOD(160695400)#019' 8-max (real money) Seat #4 is the button
Seat 1: hatebetclic (10000)
Seat 2: yvonesto06 (11200)
Seat 3: JTplayePlus (19975)
Seat 4: manggy94 (11313)
Seat 5: fulldifs (19262)
Seat 6: Lagerback (10000)
Seat 7: schiltig1 (8375)
Seat 8: easydoor18 (9725)
*** ANTE/BLINDS ***
fulldifs posts small blind 100
Lagerback posts big blind 200
Dealt to manggy94 [3h Qc]
*** PRE-FLOP *** 
schiltig1 folds
easydoor18 folds
hatebetclic raises 9800 to 10000 and is all-in
yvonesto06 folds
JTplayePlus folds
manggy94 folds
fulldifs folds
Lagerback folds
hatebetclic collected 10300 from pot
*** SUMMARY ***
Total pot 10300 | No rake
Seat 1: hatebetclic won 10300


Winamax Poker - Tournament "FAST FOOD" buyIn: 4.50€ + 0.50€ level: 4 - HandId: #690181487617638420-11-1466159109 - Holdem no limit (100/200) - 2016/06/17 10:25:09 UTC
Table: 'FAST FOOD(160695400)#019' 8-max (real money) Seat #5 is the button
Seat 1: hatebetclic (10300)
Seat 2: yvonesto06 (11200)
Seat 3: JTplayePlus (19975)
Seat 4: manggy94 (11313)
Seat 5: fulldifs (19162)
Seat 6: Lagerback (9800)
Seat 7: schiltig1 (8375)
Seat 8: easydoor18 (9725)
*** ANTE/BLINDS ***
Lagerback posts small blind 100
schiltig1 posts big blind 200
Dealt to manggy94 [Td 6c]
*** PRE-FLOP *** 
easydoor18 folds
hatebetclic folds
yvonesto06 folds
JTplayePlus raises 200 to 400
manggy94 folds
fulldifs calls 400
Lagerback folds
schiltig1 calls 200
*** FLOP *** [Tc 7h Kd]
schiltig1 checks
JTplayePlus checks
fulldifs checks
*** TURN *** [Tc 7h Kd][Jc]
schiltig1 checks
JTplayePlus checks
fulldifs checks
*** RIVER *** [Tc 7h Kd Jc][7d]
schiltig1 checks
JTplayePlus checks
fulldifs bets 750
schiltig1 folds
JTplayePlus folds
fulldifs collected 2050 from pot
*** SUMMARY ***
Total pot 2050 | No rake
Board: [Tc 7h Kd Jc 7d]
Seat 5: fulldifs (button) won 2050


Winamax Poker - Tournament "FAST FOOD" buyIn: 4.50€ + 0.50€ level: 4 - HandId: #690181487617638420-12-1466159183 - Holdem no limit (100/200) - 2016/06/17 10:26:23 UTC
Table: 'FAST FOOD(160695400)#019' 8-max (real money) Seat #6 is the button
Seat 1: hatebetclic (10300)
Seat 2: yvonesto06 (11200)
Seat 3: JTplayePlus (19575)
Seat 4: manggy94 (11313)
Seat 5: fulldifs (20062)
Seat 6: Lagerback (9700)
Seat 7: schiltig1 (7975)
Seat 8: easydoor18 (9725)
*** ANTE/BLINDS ***
schiltig1 posts small blind 100
easydoor18 posts big blind 200
Dealt to manggy94 [Th Td]
*** PRE-FLOP *** 
hatebetclic folds
yvonesto06 folds
JTplayePlus raises 200 to 400
manggy94 calls 400
fulldifs folds
Lagerback calls 400
schiltig1 calls 300
easydoor18 calls 200
*** FLOP *** [Jc 9h Ad]
schiltig1 checks
easydoor18 checks
JTplayePlus checks
manggy94 checks
Lagerback checks
*** TURN *** [Jc 9h Ad][As]
schiltig1 checks
easydoor18 checks
JTplayePlus checks
manggy94 bets 200
Lagerback calls 200
schiltig1 calls 200
easydoor18 folds
JTplayePlus folds
*** RIVER *** [Jc 9h Ad As][4h]
schiltig1 bets 1300
manggy94 folds
Lagerback folds
schiltig1 collected 3900 from pot
*** SUMMARY ***
Total pot 3900 | No rake
Board: [Jc 9h Ad As 4h]
Seat 7: schiltig1 (small blind) won 3900


Winamax Poker - Tournament "FAST FOOD" buyIn: 4.50€ + 0.50€ level: 5 - HandId: #690181487617638420-13-1466159276 - Holdem no limit (150/300) - 2016/06/17 10:27:56 UTC
Table: 'FAST FOOD(160695400)#019' 8-max (real money) Seat #7 is the button
Seat 1: hatebetclic (10300)
Seat 2: yvonesto06 (11200)
Seat 3: JTplayePlus (19175)
Seat 4: manggy94 (10713)
Seat 5: fulldifs (20062)
Seat 6: Lagerback (9100)
Seat 7: schiltig1 (9975)
Seat 8: easydoor18 (9325)
*** ANTE/BLINDS ***
easydoor18 posts small blind 150
hatebetclic posts big blind 300
Dealt to manggy94 [9d 6c]
*** PRE-FLOP *** 
yvonesto06 folds
JTplayePlus raises 300 to 600
manggy94 folds
fulldifs raises 1200 to 1800
Lagerback folds
schiltig1 folds
easydoor18 folds
hatebetclic folds
JTplayePlus calls 1200
*** FLOP *** [As 6s 3c]
JTplayePlus checks
fulldifs checks
*** TURN *** [As 6s 3c][5s]
JTplayePlus checks
fulldifs checks
*** RIVER *** [As 6s 3c 5s][6h]
JTplayePlus checks
fulldifs checks
*** SHOW DOWN ***
JTplayePlus shows [7c Kc] (One pair : 6)
fulldifs shows [Th Td] (Two pairs : Tens and 6)
fulldifs collected 4050 from pot
*** SUMMARY ***
Total pot 4050 | No rake
Board: [As 6s 3c 5s 6h]
Seat 3: JTplayePlus showed [7c Kc] and lost with One pair : 6
Seat 5: fulldifs showed [Th Td] and won 4050 with Two pairs : Tens and 6


Winamax Poker - Tournament "FAST FOOD" buyIn: 4.50€ + 0.50€ level: 5 - HandId: #690181487617638420-14-1466159366 - Holdem no limit (150/300) - 2016/06/17 10:29:26 UTC
Table: 'FAST FOOD(160695400)#019' 8-max (real money) Seat #8 is the button
Seat 1: hatebetclic (10000)
Seat 2: yvonesto06 (11200)
Seat 3: JTplayePlus (17375)
Seat 4: manggy94 (10713)
Seat 5: fulldifs (22312)
Seat 6: Lagerback (9100)
Seat 7: schiltig1 (9975)
Seat 8: easydoor18 (9175)
*** ANTE/BLINDS ***
hatebetclic posts small blind 150
yvonesto06 posts big blind 300
Dealt to manggy94 [As Js]
*** PRE-FLOP *** 
JTplayePlus folds
manggy94 raises 750 to 1050
fulldifs folds
Lagerback folds
schiltig1 raises 8925 to 9975 and is all-in
easydoor18 folds
hatebetclic folds
yvonesto06 folds
manggy94 calls 8925
*** FLOP *** [5h Kd Ah]
*** TURN *** [5h Kd Ah][Qs]
*** RIVER *** [5h Kd Ah Qs][5d]
*** SHOW DOWN ***
manggy94 shows [As Js] (Two pairs : Aces and 5)
schiltig1 shows [Ad Ks] (Two pairs : Aces and Kings)
schiltig1 collected 20400 from pot
*** SUMMARY ***
Total pot 20400 | No rake
Board: [5h Kd Ah Qs 5d]
Seat 4: manggy94 showed [As Js] and lost with Two pairs : Aces and 5
Seat 7: schiltig1 showed [Ad Ks] and won 20400 with Two pairs : Aces and Kings


Winamax Poker - Tournament "FAST FOOD" buyIn: 4.50€ + 0.50€ level: 5 - HandId: #690181487617638420-15-1466159393 - Holdem no limit (150/300) - 2016/06/17 10:29:53 UTC
Table: 'FAST FOOD(160695400)#019' 8-max (real money) Seat #1 is the button
Seat 1: hatebetclic (9850)
Seat 2: yvonesto06 (10900)
Seat 3: JTplayePlus (17375)
Seat 4: manggy94 (738)
Seat 5: fulldifs (22312)
Seat 6: Lagerback (9100)
Seat 7: schiltig1 (20400)
Seat 8: easydoor18 (9175)
*** ANTE/BLINDS ***
yvonesto06 posts small blind 150
JTplayePlus posts big blind 300
Dealt to manggy94 [Qd Tc]
*** PRE-FLOP *** 
manggy94 raises 438 to 738 and is all-in
fulldifs folds
Lagerback calls 738
schiltig1 calls 738
easydoor18 folds
hatebetclic raises 9112 to 9850 and is all-in
yvonesto06 folds
JTplayePlus folds
Lagerback calls 8362 and is all-in
schiltig1 calls 9112
*** FLOP *** [4s Jc 5s]
*** TURN *** [4s Jc 5s][Qs]
*** RIVER *** [4s Jc 5s Qs][6s]
*** SHOW DOWN ***
manggy94 shows [Qd Tc] (One pair : Queens)
schiltig1 shows [9s 9c] (Flush Queen high)
Lagerback shows [8h As] (Flush Ace high)
hatebetclic shows [Ks Td] (Flush King high)
hatebetclic collected 1500 from side pot 1
Lagerback collected 28488 from main pot
*** SUMMARY ***
Total pot 29988 | No rake
Board: [4s Jc 5s Qs 6s]
Seat 1: hatebetclic (button) showed [Ks Td] and won 1500 with Flush King high
Seat 4: manggy94 showed [Qd Tc] and lost with One pair : Queens
Seat 6: Lagerback showed [8h As] and won 28488 with Flush Ace high
Seat 7: schiltig1 showed [9s 9c] and lost with Flush Queen high


Winamax Poker - Tournament "FAST FOOD" buyIn: 4.50€ + 0.50€ level:  - HandId: #690181487617638435-1-1466159483 - Holdem no limit (25/150/300) - 2016/06/17 10:31:23 UTC
Table: 'FAST FOOD(160695400)#034' 8-max (real money) Seat #6 is the button
Seat 5: Chaubal (10000)
Seat 6: manggy94 (10000)
*** ANTE/BLINDS ***
manggy94 posts ante 25
Chaubal posts ante 25
manggy94 posts small blind 150
Chaubal posts big blind 300
Dealt to manggy94 [Kh 5c]
*** PRE-FLOP *** 
manggy94 calls 150
Chaubal raises 300 to 600
manggy94 calls 300
*** FLOP *** [Qs Js 6d]
Chaubal bets 875
manggy94 folds
Chaubal collected 2125 from pot
*** SUMMARY ***
Total pot 2125 | No rake
Board: [Qs Js 6d]
Seat 5: Chaubal (big blind) won 2125


Winamax Poker - Tournament "FAST FOOD" buyIn: 4.50€ + 0.50€ level: 6 - HandId: #690181487617638412-24-1466159500 - Holdem no limit (25/150/300) - 2016/06/17 10:31:40 UTC
Table: 'FAST FOOD(160695400)#011' 8-max (real money) Seat #8 is the button
Seat 1: junior9968 (12238)
Seat 2: Sokmydick (28362)
Seat 3: ticlem9 (8425)
Seat 4: BiG SQUEEZ (9925)
Seat 5: StatistiKAS (11875)
Seat 6: PickySlash (7275)
Seat 7: manggy94 (9375)
Seat 8: BeniDelToro (11900)
*** ANTE/BLINDS ***
junior9968 posts ante 25
Sokmydick posts ante 25
ticlem9 posts ante 25
BiG SQUEEZ posts ante 25
StatistiKAS posts ante 25
PickySlash posts ante 25
manggy94 posts ante 25
BeniDelToro posts ante 25
junior9968 posts small blind 150
Sokmydick posts big blind 300
Dealt to manggy94 [Td Jh]
*** PRE-FLOP *** 
ticlem9 folds
BiG SQUEEZ folds
StatistiKAS raises 300 to 600
PickySlash folds
manggy94 folds
BeniDelToro folds
junior9968 folds
Sokmydick calls 300
*** FLOP *** [As 6s 3s]
Sokmydick checks
StatistiKAS checks
*** TURN *** [As 6s 3s][2d]
Sokmydick checks
StatistiKAS bets 900
Sokmydick folds
StatistiKAS collected 2450 from pot
*** SUMMARY ***
Total pot 2450 | No rake
Board: [As 6s 3s 2d]
Seat 5: StatistiKAS won 2450


Winamax Poker - Tournament "FAST FOOD" buyIn: 4.50€ + 0.50€ level: 6 - HandId: #690181487617638412-25-1466159569 - Holdem no limit (25/150/300) - 2016/06/17 10:32:49 UTC
Table: 'FAST FOOD(160695400)#011' 8-max (real money) Seat #1 is the button
Seat 1: junior9968 (12063)
Seat 2: Sokmydick (27737)
Seat 3: ticlem9 (8400)
Seat 4: BiG SQUEEZ (9900)
Seat 5: StatistiKAS (12800)
Seat 6: PickySlash (7250)
Seat 7: manggy94 (9350)
Seat 8: BeniDelToro (11875)
*** ANTE/BLINDS ***
Sokmydick posts ante 25
ticlem9 posts ante 25
junior9968 posts ante 25
BiG SQUEEZ posts ante 25
StatistiKAS posts ante 25
PickySlash posts ante 25
manggy94 posts ante 25
BeniDelToro posts ante 25
Sokmydick posts small blind 150
ticlem9 posts big blind 300
Dealt to manggy94 [Qs 7h]
*** PRE-FLOP *** 
BiG SQUEEZ folds
StatistiKAS folds
PickySlash folds
manggy94 folds
BeniDelToro folds
junior9968 folds
Sokmydick calls 150
ticlem9 raises 750 to 1050
Sokmydick calls 750
*** FLOP *** [Jd 6d 2c]
Sokmydick checks
ticlem9 bets 1196
Sokmydick folds
ticlem9 collected 3496 from pot
*** SUMMARY ***
Total pot 3496 | No rake
Board: [Jd 6d 2c]
Seat 3: ticlem9 (big blind) won 3496


Winamax Poker - Tournament "FAST FOOD" buyIn: 4.50€ + 0.50€ level: 7 - HandId: #690181487617638412-26-1466159619 - Holdem no limit (30/200/400) - 2016/06/17 10:33:39 UTC
Table: 'FAST FOOD(160695400)#011' 8-max (real money) Seat #2 is the button
Seat 1: junior9968 (12038)
Seat 2: Sokmydick (26662)
Seat 3: ticlem9 (9625)
Seat 4: BiG SQUEEZ (9875)
Seat 5: StatistiKAS (12775)
Seat 6: PickySlash (7225)
Seat 7: manggy94 (9325)
Seat 8: BeniDelToro (11850)
*** ANTE/BLINDS ***
ticlem9 posts ante 30
BiG SQUEEZ posts ante 30
junior9968 posts ante 30
Sokmydick posts ante 30
StatistiKAS posts ante 30
PickySlash posts ante 30
manggy94 posts ante 30
BeniDelToro posts ante 30
ticlem9 posts small blind 200
BiG SQUEEZ posts big blind 400
Dealt to manggy94 [Ks Kd]
*** PRE-FLOP *** 
StatistiKAS folds
PickySlash folds
manggy94 raises 1240 to 1640
BeniDelToro folds
junior9968 folds
Sokmydick folds
ticlem9 folds
BiG SQUEEZ folds
manggy94 collected 2480 from pot
*** SUMMARY ***
Total pot 2480 | No rake
Seat 7: manggy94 won 2480


Winamax Poker - Tournament "FAST FOOD" buyIn: 4.50€ + 0.50€ level: 7 - HandId: #690181487617638412-27-1466159641 - Holdem no limit (30/200/400) - 2016/06/17 10:34:01 UTC
Table: 'FAST FOOD(160695400)#011' 8-max (real money) Seat #3 is the button
Seat 1: junior9968 (12008)
Seat 2: Sokmydick (26632)
Seat 3: ticlem9 (9395)
Seat 4: BiG SQUEEZ (9445)
Seat 5: StatistiKAS (12745)
Seat 6: PickySlash (7195)
Seat 7: manggy94 (10135)
Seat 8: BeniDelToro (11820)
*** ANTE/BLINDS ***
BiG SQUEEZ posts ante 30
StatistiKAS posts ante 30
junior9968 posts ante 30
Sokmydick posts ante 30
ticlem9 posts ante 30
PickySlash posts ante 30
manggy94 posts ante 30
BeniDelToro posts ante 30
BiG SQUEEZ posts small blind 200
StatistiKAS posts big blind 400
Dealt to manggy94 [5c 2d]
*** PRE-FLOP *** 
PickySlash folds
manggy94 folds
BeniDelToro folds
junior9968 folds
Sokmydick raises 1200 to 1600
ticlem9 folds
BiG SQUEEZ folds
StatistiKAS folds
Sokmydick collected 2440 from pot
*** SUMMARY ***
Total pot 2440 | No rake
Seat 2: Sokmydick won 2440


Winamax Poker - Tournament "FAST FOOD" buyIn: 4.50€ + 0.50€ level: 7 - HandId: #690181487617638412-28-1466159667 - Holdem no limit (30/200/400) - 2016/06/17 10:34:27 UTC
Table: 'FAST FOOD(160695400)#011' 8-max (real money) Seat #4 is the button
Seat 1: junior9968 (11978)
Seat 2: Sokmydick (27442)
Seat 3: ticlem9 (9365)
Seat 4: BiG SQUEEZ (9215)
Seat 5: StatistiKAS (12315)
Seat 6: PickySlash (7165)
Seat 7: manggy94 (10105)
Seat 8: BeniDelToro (11790)
*** ANTE/BLINDS ***
StatistiKAS posts ante 30
PickySlash posts ante 30
junior9968 posts ante 30
Sokmydick posts ante 30
ticlem9 posts ante 30
BiG SQUEEZ posts ante 30
manggy94 posts ante 30
BeniDelToro posts ante 30
StatistiKAS posts small blind 200
PickySlash posts big blind 400
Dealt to manggy94 [Qs 6h]
*** PRE-FLOP *** 
manggy94 folds
BeniDelToro folds
junior9968 raises 11548 to 11948 and is all-in
Sokmydick folds
ticlem9 folds
BiG SQUEEZ folds
StatistiKAS folds
PickySlash folds
junior9968 collected 12788 from pot
*** SUMMARY ***
Total pot 12788 | No rake
Seat 1: junior9968 won 12788


Winamax Poker - Tournament "FAST FOOD" buyIn: 4.50€ + 0.50€ level: 7 - HandId: #690181487617638412-29-1466159702 - Holdem no limit (30/200/400) - 2016/06/17 10:35:02 UTC
Table: 'FAST FOOD(160695400)#011' 8-max (real money) Seat #5 is the button
Seat 1: junior9968 (12788)
Seat 2: Sokmydick (27412)
Seat 3: ticlem9 (9335)
Seat 4: BiG SQUEEZ (9185)
Seat 5: StatistiKAS (12085)
Seat 6: PickySlash (6735)
Seat 7: manggy94 (10075)
Seat 8: BeniDelToro (11760)
*** ANTE/BLINDS ***
PickySlash posts ante 30
manggy94 posts ante 30
junior9968 posts ante 30
Sokmydick posts ante 30
ticlem9 posts ante 30
BiG SQUEEZ posts ante 30
StatistiKAS posts ante 30
BeniDelToro posts ante 30
PickySlash posts small blind 200
manggy94 posts big blind 400
Dealt to manggy94 [7d 2s]
*** PRE-FLOP *** 
BeniDelToro calls 400
junior9968 raises 800 to 1200
Sokmydick folds
ticlem9 folds
BiG SQUEEZ raises 7955 to 9155 and is all-in
StatistiKAS folds
PickySlash folds
manggy94 folds
BeniDelToro folds
junior9968 calls 7955
*** FLOP *** [Jc 4s 8h]
*** TURN *** [Jc 4s 8h][3h]
*** RIVER *** [Jc 4s 8h 3h][Qc]
*** SHOW DOWN ***
junior9968 shows [Jd As] (One pair : Jacks)
BiG SQUEEZ shows [8c 8s] (Trips of 8)
BiG SQUEEZ collected 19550 from pot
*** SUMMARY ***
Total pot 19550 | No rake
Board: [Jc 4s 8h 3h Qc]
Seat 1: junior9968 showed [Jd As] and lost with One pair : Jacks
Seat 4: BiG SQUEEZ showed [8c 8s] and won 19550 with Trips of 8


Winamax Poker - Tournament "FAST FOOD" buyIn: 4.50€ + 0.50€ level: 7 - HandId: #690181487617638412-30-1466159738 - Holdem no limit (30/200/400) - 2016/06/17 10:35:38 UTC
Table: 'FAST FOOD(160695400)#011' 8-max (real money) Seat #6 is the button
Seat 1: junior9968 (3603)
Seat 2: Sokmydick (27382)
Seat 3: ticlem9 (9305)
Seat 4: BiG SQUEEZ (19550)
Seat 5: StatistiKAS (12055)
Seat 6: PickySlash (6505)
Seat 7: manggy94 (9645)
Seat 8: BeniDelToro (11330)
*** ANTE/BLINDS ***
manggy94 posts ante 30
BeniDelToro posts ante 30
junior9968 posts ante 30
Sokmydick posts ante 30
ticlem9 posts ante 30
BiG SQUEEZ posts ante 30
StatistiKAS posts ante 30
PickySlash posts ante 30
manggy94 posts small blind 200
BeniDelToro posts big blind 400
Dealt to manggy94 [Kd 5c]
*** PRE-FLOP *** 
junior9968 folds
Sokmydick folds
ticlem9 folds
BiG SQUEEZ folds
StatistiKAS folds
PickySlash folds
manggy94 calls 200
BeniDelToro checks
*** FLOP *** [2c 8c 9c]
manggy94 bets 400
BeniDelToro folds
manggy94 collected 1440 from pot
*** SUMMARY ***
Total pot 1440 | No rake
Board: [2c 8c 9c]
Seat 7: manggy94 (small blind) won 1440


Winamax Poker - Tournament "FAST FOOD" buyIn: 4.50€ + 0.50€ level: 8 - HandId: #690181487617638412-31-1466159762 - Holdem no limit (40/250/500) - 2016/06/17 10:36:02 UTC
Table: 'FAST FOOD(160695400)#011' 8-max (real money) Seat #7 is the button
Seat 1: junior9968 (3573)
Seat 2: Sokmydick (27352)
Seat 3: ticlem9 (9275)
Seat 4: BiG SQUEEZ (19520)
Seat 5: StatistiKAS (12025)
Seat 6: PickySlash (6475)
Seat 7: manggy94 (10255)
Seat 8: BeniDelToro (10900)
*** ANTE/BLINDS ***
BeniDelToro posts ante 40
junior9968 posts ante 40
Sokmydick posts ante 40
ticlem9 posts ante 40
BiG SQUEEZ posts ante 40
StatistiKAS posts ante 40
PickySlash posts ante 40
manggy94 posts ante 40
BeniDelToro posts small blind 250
junior9968 posts big blind 500
Dealt to manggy94 [2s 4d]
*** PRE-FLOP *** 
Sokmydick folds
ticlem9 folds
BiG SQUEEZ raises 500 to 1000
StatistiKAS folds
PickySlash folds
manggy94 folds
BeniDelToro folds
junior9968 folds
BiG SQUEEZ collected 2070 from pot
*** SUMMARY ***
Total pot 2070 | No rake
Seat 4: BiG SQUEEZ won 2070


Winamax Poker - Tournament "FAST FOOD" buyIn: 4.50€ + 0.50€ level: 8 - HandId: #690181487617638412-32-1466159785 - Holdem no limit (40/250/500) - 2016/06/17 10:36:25 UTC
Table: 'FAST FOOD(160695400)#011' 8-max (real money) Seat #8 is the button
Seat 1: junior9968 (3033)
Seat 2: Sokmydick (27312)
Seat 3: ticlem9 (9235)
Seat 4: BiG SQUEEZ (20550)
Seat 5: StatistiKAS (11985)
Seat 6: PickySlash (6435)
Seat 7: manggy94 (10215)
Seat 8: BeniDelToro (10610)
*** ANTE/BLINDS ***
junior9968 posts ante 40
Sokmydick posts ante 40
ticlem9 posts ante 40
BiG SQUEEZ posts ante 40
StatistiKAS posts ante 40
PickySlash posts ante 40
manggy94 posts ante 40
BeniDelToro posts ante 40
junior9968 posts small blind 250
Sokmydick posts big blind 500
Dealt to manggy94 [Jh 4c]
*** PRE-FLOP *** 
ticlem9 folds
BiG SQUEEZ raises 750 to 1250
StatistiKAS calls 1250
PickySlash folds
manggy94 folds
BeniDelToro calls 1250
junior9968 folds
Sokmydick folds
*** FLOP *** [Jc 7c 8h]
BiG SQUEEZ checks
StatistiKAS bets 2250
BeniDelToro folds
BiG SQUEEZ calls 2250
*** TURN *** [Jc 7c 8h][2d]
BiG SQUEEZ checks
StatistiKAS bets 2750
BiG SQUEEZ calls 2750
*** RIVER *** [Jc 7c 8h 2d][Qc]
BiG SQUEEZ checks
StatistiKAS bets 5695 and is all-in
BiG SQUEEZ folds
StatistiKAS collected 20515 from pot
*** SUMMARY ***
Total pot 20515 | No rake
Board: [Jc 7c 8h 2d Qc]
Seat 5: StatistiKAS won 20515


Winamax Poker - Tournament "FAST FOOD" buyIn: 4.50€ + 0.50€ level: 8 - HandId: #690181487617638412-33-1466159855 - Holdem no limit (40/250/500) - 2016/06/17 10:37:35 UTC
Table: 'FAST FOOD(160695400)#011' 8-max (real money) Seat #1 is the button
Seat 1: junior9968 (2743)
Seat 2: Sokmydick (26772)
Seat 3: ticlem9 (9195)
Seat 4: BiG SQUEEZ (14260)
Seat 5: StatistiKAS (20515)
Seat 6: PickySlash (6395)
Seat 7: manggy94 (10175)
Seat 8: BeniDelToro (9320)
*** ANTE/BLINDS ***
Sokmydick posts ante 40
ticlem9 posts ante 40
junior9968 posts ante 40
BiG SQUEEZ posts ante 40
StatistiKAS posts ante 40
PickySlash posts ante 40
manggy94 posts ante 40
BeniDelToro posts ante 40
Sokmydick posts small blind 250
ticlem9 posts big blind 500
Dealt to manggy94 [4d Ts]
*** PRE-FLOP *** 
BiG SQUEEZ calls 500
StatistiKAS folds
PickySlash folds
manggy94 folds
BeniDelToro folds
junior9968 raises 2203 to 2703 and is all-in
Sokmydick folds
ticlem9 folds
BiG SQUEEZ calls 2203
*** FLOP *** [7c 2d 7h]
*** TURN *** [7c 2d 7h][Td]
*** RIVER *** [7c 2d 7h Td][6d]
*** SHOW DOWN ***
junior9968 shows [8s Qs] (One pair : 7)
BiG SQUEEZ shows [As 8h] (One pair : 7)
BiG SQUEEZ collected 6476 from pot
*** SUMMARY ***
Total pot 6476 | No rake
Board: [7c 2d 7h Td 6d]
Seat 1: junior9968 (button) showed [8s Qs] and lost with One pair : 7
Seat 4: BiG SQUEEZ showed [As 8h] and won 6476 with One pair : 7


Winamax Poker - Tournament "FAST FOOD" buyIn: 4.50€ + 0.50€ level: 8 - HandId: #690181487617638412-34-1466159899 - Holdem no limit (40/250/500) - 2016/06/17 10:38:19 UTC
Table: 'FAST FOOD(160695400)#011' 8-max (real money) Seat #2 is the button
Seat 1: Zz-S8TMOR-zZ (10000)
Seat 2: Sokmydick (26482)
Seat 3: ticlem9 (8655)
Seat 4: BiG SQUEEZ (17993)
Seat 5: StatistiKAS (20475)
Seat 6: PickySlash (6355)
Seat 7: manggy94 (10135)
Seat 8: BeniDelToro (9280)
*** ANTE/BLINDS ***
ticlem9 posts ante 40
BiG SQUEEZ posts ante 40
Zz-S8TMOR-zZ posts ante 40
Sokmydick posts ante 40
StatistiKAS posts ante 40
PickySlash posts ante 40
manggy94 posts ante 40
BeniDelToro posts ante 40
ticlem9 posts small blind 250
BiG SQUEEZ posts big blind 500
Dealt to manggy94 [8c 8h]
*** PRE-FLOP *** 
StatistiKAS folds
PickySlash folds
manggy94 calls 500
BeniDelToro calls 500
Zz-S8TMOR-zZ folds
Sokmydick calls 500
ticlem9 folds
BiG SQUEEZ raises 4070 to 4570
manggy94 folds
BeniDelToro calls 4070
Sokmydick calls 4070
*** FLOP *** [As Td Js]
BiG SQUEEZ bets 13383 and is all-in
BeniDelToro calls 4670 and is all-in
Sokmydick calls 13383
*** TURN *** [As Td Js][5h]
*** RIVER *** [As Td Js 5h][5d]
*** SHOW DOWN ***
BiG SQUEEZ shows [Kc Kh] (Two pairs : Kings and 5)
BeniDelToro shows [Qs Jc] (Two pairs : Jacks and 5)
Sokmydick shows [Ah Tc] (Two pairs : Aces and Tens)
Sokmydick collected 46216 from pot
*** SUMMARY ***
Total pot 46216 | No rake
Board: [As Td Js 5h 5d]
Seat 2: Sokmydick (button) showed [Ah Tc] and won 46216 with Two pairs : Aces and Tens
Seat 4: BiG SQUEEZ (big blind) showed [Kc Kh] and lost with Two pairs : Kings and 5
Seat 8: BeniDelToro showed [Qs Jc] and lost with Two pairs : Jacks and 5


Winamax Poker - Tournament "FAST FOOD" buyIn: 4.50€ + 0.50€ level: 8 - HandId: #690181487617638412-35-1466159940 - Holdem no limit (40/250/500) - 2016/06/17 10:39:00 UTC
Table: 'FAST FOOD(160695400)#011' 8-max (real money) Seat #3 is the button
Seat 1: Zz-S8TMOR-zZ (9960)
Seat 2: Sokmydick (54705)
Seat 3: ticlem9 (8365)
Seat 5: StatistiKAS (20435)
Seat 6: PickySlash (6315)
Seat 7: manggy94 (9595)
Seat 8: DEXTER 68 (10000)
*** ANTE/BLINDS ***
StatistiKAS posts ante 40
Zz-S8TMOR-zZ posts ante 40
Sokmydick posts ante 40
ticlem9 posts ante 40
PickySlash posts ante 40
manggy94 posts ante 40
DEXTER 68 posts ante 40
StatistiKAS posts big blind 500
Dealt to manggy94 [Ts Ks]
*** PRE-FLOP *** 
PickySlash folds
manggy94 raises 500 to 1000
DEXTER 68 raises 8960 to 9960 and is all-in
Zz-S8TMOR-zZ folds
Sokmydick folds
ticlem9 folds
StatistiKAS folds
manggy94 folds
DEXTER 68 collected 11740 from pot
*** SUMMARY ***
Total pot 11740 | No rake
Seat 8: DEXTER 68 won 11740


Winamax Poker - Tournament "FAST FOOD" buyIn: 4.50€ + 0.50€ level: 9 - HandId: #690181487617638412-36-1466159976 - Holdem no limit (60/300/600) - 2016/06/17 10:39:36 UTC
Table: 'FAST FOOD(160695400)#011' 8-max (real money) Seat #4 is the button
Seat 1: Zz-S8TMOR-zZ (9920)
Seat 2: Sokmydick (54665)
Seat 3: ticlem9 (8325)
Seat 4: ouibon (20660)
Seat 5: StatistiKAS (19895)
Seat 6: PickySlash (6275)
Seat 7: manggy94 (8555)
Seat 8: DEXTER 68 (11740)
*** ANTE/BLINDS ***
StatistiKAS posts ante 60
PickySlash posts ante 60
Zz-S8TMOR-zZ posts ante 60
Sokmydick posts ante 60
ticlem9 posts ante 60
manggy94 posts ante 60
DEXTER 68 posts ante 60
StatistiKAS posts small blind 300
PickySlash posts big blind 600
Dealt to manggy94 [Qh Jc]
*** PRE-FLOP *** 
manggy94 calls 600
DEXTER 68 folds
Zz-S8TMOR-zZ calls 600
Sokmydick folds
ticlem9 raises 7665 to 8265 and is all-in
StatistiKAS folds
PickySlash folds
manggy94 folds
Zz-S8TMOR-zZ raises 1595 to 9860 and is all-in
*** FLOP *** [6c 9c Jh]
*** TURN *** [6c 9c Jh][4s]
*** RIVER *** [6c 9c Jh 4s][7h]
*** SHOW DOWN ***
ticlem9 shows [Ks Ah] (High card : Ace)
Zz-S8TMOR-zZ shows [2c 2s] (One pair : 2)
Zz-S8TMOR-zZ collected 20045 from pot
*** SUMMARY ***
Total pot 20045 | No rake
Board: [6c 9c Jh 4s 7h]
Seat 1: Zz-S8TMOR-zZ showed [2c 2s] and won 20045 with One pair : 2
Seat 3: ticlem9 showed [Ks Ah] and lost with High card : Ace


Winamax Poker - Tournament "FAST FOOD" buyIn: 4.50€ + 0.50€ level: 9 - HandId: #690181487617638412-37-1466160045 - Holdem no limit (60/300/600) - 2016/06/17 10:40:45 UTC
Table: 'FAST FOOD(160695400)#011' 8-max (real money) Seat #5 is the button
Seat 1: Zz-S8TMOR-zZ (20045)
Seat 2: Sokmydick (54605)
Seat 4: ouibon (20660)
Seat 5: StatistiKAS (19535)
Seat 6: PickySlash (5615)
Seat 7: manggy94 (7895)
Seat 8: DEXTER 68 (11680)
*** ANTE/BLINDS ***
PickySlash posts ante 60
manggy94 posts ante 60
Zz-S8TMOR-zZ posts ante 60
Sokmydick posts ante 60
ouibon posts ante 60
StatistiKAS posts ante 60
DEXTER 68 posts ante 60
PickySlash posts small blind 300
manggy94 posts big blind 600
Dealt to manggy94 [8s 7d]
*** PRE-FLOP *** 
DEXTER 68 folds
Zz-S8TMOR-zZ folds
Sokmydick raises 900 to 1500
ouibon calls 1500
StatistiKAS raises 3000 to 4500
PickySlash folds
manggy94 folds
Sokmydick calls 3000
ouibon calls 3000
*** FLOP *** [Ks Td Qc]
Sokmydick checks
ouibon checks
StatistiKAS bets 8400
Sokmydick raises 8400 to 16800
ouibon folds
StatistiKAS calls 6575 and is all-in
*** TURN *** [Ks Td Qc][Qh]
*** RIVER *** [Ks Td Qc Qh][Kh]
*** SHOW DOWN ***
StatistiKAS shows [Ad Ac] (Two pairs : Aces and Kings)
Sokmydick shows [6d Kd] (Full of Kings and Queens)
Sokmydick collected 46595 from pot
*** SUMMARY ***
Total pot 46595 | No rake
Board: [Ks Td Qc Qh Kh]
Seat 2: Sokmydick showed [6d Kd] and won 46595 with Full of Kings and Queens
Seat 5: StatistiKAS (button) showed [Ad Ac] and lost with Two pairs : Aces and Kings


Winamax Poker - Tournament "FAST FOOD" buyIn: 4.50€ + 0.50€ level: 9 - HandId: #690181487617638412-38-1466160103 - Holdem no limit (60/300/600) - 2016/06/17 10:41:43 UTC
Table: 'FAST FOOD(160695400)#011' 8-max (real money) Seat #6 is the button
Seat 1: Zz-S8TMOR-zZ (19985)
Seat 2: Sokmydick (79840)
Seat 3: gaets88 (10000)
Seat 4: ouibon (16100)
Seat 5: crocops002 (10000)
Seat 6: PickySlash (5255)
Seat 7: manggy94 (7235)
Seat 8: DEXTER 68 (11620)
*** ANTE/BLINDS ***
manggy94 posts ante 60
DEXTER 68 posts ante 60
Zz-S8TMOR-zZ posts ante 60
Sokmydick posts ante 60
gaets88 posts ante 60
ouibon posts ante 60
crocops002 posts ante 60
PickySlash posts ante 60
manggy94 posts small blind 300
DEXTER 68 posts big blind 600
Dealt to manggy94 [7s 8c]
*** PRE-FLOP *** 
Zz-S8TMOR-zZ calls 600
Sokmydick folds
gaets88 folds
ouibon folds
crocops002 calls 600
PickySlash folds
manggy94 calls 300
DEXTER 68 checks
*** FLOP *** [Ah 3c Td]
manggy94 checks
DEXTER 68 checks
Zz-S8TMOR-zZ checks
crocops002 checks
*** TURN *** [Ah 3c Td][Qd]
manggy94 checks
DEXTER 68 checks
Zz-S8TMOR-zZ checks
crocops002 checks
*** RIVER *** [Ah 3c Td Qd][Js]
manggy94 checks
DEXTER 68 checks
Zz-S8TMOR-zZ bets 3653
crocops002 raises 5687 to 9340 and is all-in
manggy94 folds
DEXTER 68 folds
Zz-S8TMOR-zZ raises 5687 to 15027
*** SHOW DOWN ***
crocops002 shows [8s Ks] (Straight Ace high)
Zz-S8TMOR-zZ shows [7d Kd] (Straight Ace high)
Zz-S8TMOR-zZ collected 16467 from side pot 1
crocops002 collected 10780 from main pot
*** SUMMARY ***
Total pot 27247 | No rake
Board: [Ah 3c Td Qd Js]
Seat 1: Zz-S8TMOR-zZ showed [7d Kd] and won 16467 with Straight Ace high
Seat 5: crocops002 showed [8s Ks] and won 10780 with Straight Ace high


Winamax Poker - Tournament "FAST FOOD" buyIn: 4.50€ + 0.50€ level: 10 - HandId: #690181487617638412-39-1466160274 - Holdem no limit (75/400/800) - 2016/06/17 10:44:34 UTC
Table: 'FAST FOOD(160695400)#011' 8-max (real money) Seat #7 is the button
Seat 1: Zz-S8TMOR-zZ (20765)
Seat 2: Sokmydick (79780)
Seat 3: gaets88 (9940)
Seat 4: ouibon (16040)
Seat 5: crocops002 (10780)
Seat 6: PickySlash (5195)
Seat 7: manggy94 (6575)
Seat 8: DEXTER 68 (10960)
*** ANTE/BLINDS ***
DEXTER 68 posts ante 75
Zz-S8TMOR-zZ posts ante 75
Sokmydick posts ante 75
gaets88 posts ante 75
ouibon posts ante 75
crocops002 posts ante 75
PickySlash posts ante 75
manggy94 posts ante 75
DEXTER 68 posts small blind 400
Zz-S8TMOR-zZ posts big blind 800
Dealt to manggy94 [4c 3d]
*** PRE-FLOP *** 
Sokmydick folds
gaets88 folds
ouibon folds
crocops002 folds
PickySlash folds
manggy94 folds
DEXTER 68 raises 10085 to 10885 and is all-in
Zz-S8TMOR-zZ folds
DEXTER 68 collected 12285 from pot
*** SUMMARY ***
Total pot 12285 | No rake
Seat 8: DEXTER 68 (small blind) won 12285


Winamax Poker - Tournament "FAST FOOD" buyIn: 4.50€ + 0.50€ level: 11 - HandId: #690181487617638412-40-1466160391 - Holdem no limit (100/500/1000) - 2016/06/17 10:46:31 UTC
Table: 'FAST FOOD(160695400)#011' 8-max (real money) Seat #8 is the button
Seat 1: Zz-S8TMOR-zZ (19890)
Seat 2: Sokmydick (79705)
Seat 3: gaets88 (9865)
Seat 4: ouibon (15965)
Seat 5: crocops002 (10705)
Seat 6: PickySlash (5120)
Seat 7: manggy94 (6500)
Seat 8: DEXTER 68 (12285)
*** ANTE/BLINDS ***
Zz-S8TMOR-zZ posts ante 100
Sokmydick posts ante 100
gaets88 posts ante 100
ouibon posts ante 100
crocops002 posts ante 100
PickySlash posts ante 100
manggy94 posts ante 100
DEXTER 68 posts ante 100
Zz-S8TMOR-zZ posts small blind 500
Sokmydick posts big blind 1000
Dealt to manggy94 [Jc 8d]
*** PRE-FLOP *** 
gaets88 raises 8765 to 9765 and is all-in
ouibon folds
crocops002 folds
PickySlash folds
manggy94 folds
DEXTER 68 folds
Zz-S8TMOR-zZ calls 9265
Sokmydick folds
*** FLOP *** [3c As Qs]
*** TURN *** [3c As Qs][Kd]
*** RIVER *** [3c As Qs Kd][Ad]
*** SHOW DOWN ***
Zz-S8TMOR-zZ shows [8h 8c] (Two pairs : Aces and 8)
gaets88 shows [Qh Ac] (Full of Aces and Queens)
gaets88 collected 21330 from pot
*** SUMMARY ***
Total pot 21330 | No rake
Board: [3c As Qs Kd Ad]
Seat 1: Zz-S8TMOR-zZ (small blind) showed [8h 8c] and lost with Two pairs : Aces and 8
Seat 3: gaets88 showed [Qh Ac] and won 21330 with Full of Aces and Queens


Winamax Poker - Tournament "FAST FOOD" buyIn: 4.50€ + 0.50€ level: 11 - HandId: #690181487617638412-41-1466160419 - Holdem no limit (100/500/1000) - 2016/06/17 10:46:59 UTC
Table: 'FAST FOOD(160695400)#011' 8-max (real money) Seat #1 is the button
Seat 1: Zz-S8TMOR-zZ (10025)
Seat 2: Sokmydick (78605)
Seat 3: gaets88 (21330)
Seat 4: ouibon (15865)
Seat 5: crocops002 (10605)
Seat 6: PickySlash (5020)
Seat 7: manggy94 (6400)
Seat 8: DEXTER 68 (12185)
*** ANTE/BLINDS ***
Sokmydick posts ante 100
gaets88 posts ante 100
Zz-S8TMOR-zZ posts ante 100
ouibon posts ante 100
crocops002 posts ante 100
PickySlash posts ante 100
manggy94 posts ante 100
DEXTER 68 posts ante 100
Sokmydick posts small blind 500
gaets88 posts big blind 1000
Dealt to manggy94 [8c Jd]
*** PRE-FLOP *** 
ouibon folds
crocops002 folds
PickySlash folds
manggy94 folds
DEXTER 68 folds
Zz-S8TMOR-zZ raises 1000 to 2000
Sokmydick folds
gaets88 folds
Zz-S8TMOR-zZ collected 4300 from pot
*** SUMMARY ***
Total pot 4300 | No rake
Seat 1: Zz-S8TMOR-zZ (button) won 4300


Winamax Poker - Tournament "FAST FOOD" buyIn: 4.50€ + 0.50€ level: 11 - HandId: #690181487617638412-42-1466160457 - Holdem no limit (100/500/1000) - 2016/06/17 10:47:37 UTC
Table: 'FAST FOOD(160695400)#011' 8-max (real money) Seat #2 is the button
Seat 1: Zz-S8TMOR-zZ (12225)
Seat 2: Sokmydick (78005)
Seat 3: gaets88 (20230)
Seat 4: ouibon (15765)
Seat 5: crocops002 (10505)
Seat 6: PickySlash (4920)
Seat 7: manggy94 (6300)
Seat 8: DEXTER 68 (12085)
*** ANTE/BLINDS ***
gaets88 posts ante 100
ouibon posts ante 100
Zz-S8TMOR-zZ posts ante 100
Sokmydick posts ante 100
crocops002 posts ante 100
PickySlash posts ante 100
manggy94 posts ante 100
DEXTER 68 posts ante 100
gaets88 posts small blind 500
ouibon posts big blind 1000
Dealt to manggy94 [7h 7c]
*** PRE-FLOP *** 
crocops002 folds
PickySlash folds
manggy94 raises 5200 to 6200 and is all-in
DEXTER 68 folds
Zz-S8TMOR-zZ folds
Sokmydick folds
gaets88 folds
ouibon folds
manggy94 collected 8500 from pot
*** SUMMARY ***
Total pot 8500 | No rake
Seat 7: manggy94 won 8500


Winamax Poker - Tournament "FAST FOOD" buyIn: 4.50€ + 0.50€ level: 12 - HandId: #690181487617638412-43-1466160498 - Holdem no limit (150/600/1200) - 2016/06/17 10:48:18 UTC
Table: 'FAST FOOD(160695400)#011' 8-max (real money) Seat #3 is the button
Seat 1: Zz-S8TMOR-zZ (12125)
Seat 2: Sokmydick (77905)
Seat 3: gaets88 (19630)
Seat 4: ouibon (14665)
Seat 5: crocops002 (10405)
Seat 6: PickySlash (4820)
Seat 7: manggy94 (8500)
Seat 8: DEXTER 68 (11985)
*** ANTE/BLINDS ***
ouibon posts ante 150
crocops002 posts ante 150
Zz-S8TMOR-zZ posts ante 150
Sokmydick posts ante 150
gaets88 posts ante 150
PickySlash posts ante 150
manggy94 posts ante 150
DEXTER 68 posts ante 150
ouibon posts small blind 600
crocops002 posts big blind 1200
Dealt to manggy94 [Js Kc]
*** PRE-FLOP *** 
PickySlash folds
manggy94 calls 1200
DEXTER 68 folds
Zz-S8TMOR-zZ folds
Sokmydick folds
gaets88 folds
ouibon folds
crocops002 folds
manggy94 collected 4200 from pot
*** SUMMARY ***
Total pot 4200 | No rake
Seat 7: manggy94 won 4200


Winamax Poker - Tournament "FAST FOOD" buyIn: 4.50€ + 0.50€ level: 12 - HandId: #690181487617638412-44-1466160528 - Holdem no limit (150/600/1200) - 2016/06/17 10:48:48 UTC
Table: 'FAST FOOD(160695400)#011' 8-max (real money) Seat #4 is the button
Seat 1: Zz-S8TMOR-zZ (11975)
Seat 2: Sokmydick (77755)
Seat 3: gaets88 (19480)
Seat 4: ouibon (13915)
Seat 5: crocops002 (9055)
Seat 6: PickySlash (4670)
Seat 7: manggy94 (11350)
Seat 8: DEXTER 68 (11835)
*** ANTE/BLINDS ***
crocops002 posts ante 150
PickySlash posts ante 150
Zz-S8TMOR-zZ posts ante 150
Sokmydick posts ante 150
gaets88 posts ante 150
ouibon posts ante 150
manggy94 posts ante 150
DEXTER 68 posts ante 150
crocops002 posts small blind 600
PickySlash posts big blind 1200
Dealt to manggy94 [8s Qd]
*** PRE-FLOP *** 
manggy94 folds
DEXTER 68 folds
Zz-S8TMOR-zZ raises 1200 to 2400
Sokmydick folds
gaets88 calls 2400
ouibon raises 11365 to 13765 and is all-in
crocops002 folds
PickySlash folds
Zz-S8TMOR-zZ calls 9425 and is all-in
gaets88 calls 11365
*** FLOP *** [9h Th 7d]
*** TURN *** [9h Th 7d][As]
*** RIVER *** [9h Th 7d As][9d]
*** SHOW DOWN ***
Zz-S8TMOR-zZ shows [Kh Kd] (Two pairs : Kings and 9)
gaets88 shows [Qc Jh] (One pair : 9)
ouibon shows [Ah Qh] (Two pairs : Aces and 9)
ouibon collected 42355 from pot
*** SUMMARY ***
Total pot 42355 | No rake
Board: [9h Th 7d As 9d]
Seat 1: Zz-S8TMOR-zZ showed [Kh Kd] and lost with Two pairs : Kings and 9
Seat 3: gaets88 showed [Qc Jh] and lost with One pair : 9
Seat 4: ouibon (button) showed [Ah Qh] and won 42355 with Two pairs : Aces and 9


Winamax Poker - Tournament "FAST FOOD" buyIn: 4.50€ + 0.50€ level: 12 - HandId: #690181487617638412-45-1466160588 - Holdem no limit (150/600/1200) - 2016/06/17 10:49:48 UTC
Table: 'FAST FOOD(160695400)#011' 8-max (real money) Seat #5 is the button
Seat 2: Sokmydick (77605)
Seat 3: gaets88 (5565)
Seat 4: ouibon (42355)
Seat 5: crocops002 (8305)
Seat 6: PickySlash (3320)
Seat 7: manggy94 (11200)
Seat 8: DEXTER 68 (11685)
*** ANTE/BLINDS ***
PickySlash posts ante 150
manggy94 posts ante 150
Sokmydick posts ante 150
gaets88 posts ante 150
ouibon posts ante 150
crocops002 posts ante 150
DEXTER 68 posts ante 150
PickySlash posts small blind 600
manggy94 posts big blind 1200
Dealt to manggy94 [8s Ad]
*** PRE-FLOP *** 
DEXTER 68 raises 10335 to 11535 and is all-in
Sokmydick folds
gaets88 calls 5415 and is all-in
ouibon folds
crocops002 folds
PickySlash calls 2570 and is all-in
manggy94 folds
*** FLOP *** [6d Kh Td]
*** TURN *** [6d Kh Td][9s]
*** RIVER *** [6d Kh Td 9s][Tc]
*** SHOW DOWN ***
PickySlash shows [Ac 9h] (Two pairs : Tens and 9)
gaets88 shows [3h Qh] (One pair : Tens)
DEXTER 68 shows [Jc 4c] (One pair : Tens)
DEXTER 68 collected 6120 from side pot 2
gaets88 collected 4490 from side pot 1
PickySlash collected 11760 from main pot
*** SUMMARY ***
Total pot 22370 | No rake
Board: [6d Kh Td 9s Tc]
Seat 3: gaets88 showed [3h Qh] and won 4490 with One pair : Tens
Seat 6: PickySlash (small blind) showed [Ac 9h] and won 11760 with Two pairs : Tens and 9
Seat 8: DEXTER 68 showed [Jc 4c] and won 6120 with One pair : Tens


Winamax Poker - Tournament "FAST FOOD" buyIn: 4.50€ + 0.50€ level: 12 - HandId: #690181487617638412-46-1466160626 - Holdem no limit (150/600/1200) - 2016/06/17 10:50:26 UTC
Table: 'FAST FOOD(160695400)#011' 8-max (real money) Seat #6 is the button
Seat 2: Sokmydick (77455)
Seat 3: gaets88 (4490)
Seat 4: ouibon (42205)
Seat 5: crocops002 (8155)
Seat 6: PickySlash (11760)
Seat 7: manggy94 (9850)
Seat 8: DEXTER 68 (6120)
*** ANTE/BLINDS ***
manggy94 posts ante 150
DEXTER 68 posts ante 150
Sokmydick posts ante 150
gaets88 posts ante 150
ouibon posts ante 150
crocops002 posts ante 150
PickySlash posts ante 150
manggy94 posts small blind 600
DEXTER 68 posts big blind 1200
Dealt to manggy94 [Ac 5h]
*** PRE-FLOP *** 
Sokmydick raises 1200 to 2400
gaets88 raises 1940 to 4340 and is all-in
ouibon folds
crocops002 folds
PickySlash folds
manggy94 calls 3740
DEXTER 68 folds
Sokmydick raises 8680 to 13020
manggy94 calls 5360 and is all-in
*** FLOP *** [Jc Tc Ah]
*** TURN *** [Jc Tc Ah][Js]
*** RIVER *** [Jc Tc Ah Js][Jh]
*** SHOW DOWN ***
gaets88 shows [6d 6s] (Full of Jacks and 6)
manggy94 shows [Ac 5h] (Full of Jacks and Aces)
Sokmydick shows [7s 7h] (Full of Jacks and 7)
Sokmydick collected 3320 from side pot 1
manggy94 collected 25990 from main pot
*** SUMMARY ***
Total pot 29310 | No rake
Board: [Jc Tc Ah Js Jh]
Seat 2: Sokmydick showed [7s 7h] and won 3320 with Full of Jacks and 7
Seat 3: gaets88 showed [6d 6s] and lost with Full of Jacks and 6
Seat 7: manggy94 (small blind) showed [Ac 5h] and won 25990 with Full of Jacks and Aces


Winamax Poker - Tournament "FAST FOOD" buyIn: 4.50€ + 0.50€ level: 13 - HandId: #690181487617638412-47-1466160667 - Holdem no limit (180/800/1600) - 2016/06/17 10:51:07 UTC
Table: 'FAST FOOD(160695400)#011' 8-max (real money) Seat #7 is the button
Seat 2: Sokmydick (67605)
Seat 4: ouibon (42055)
Seat 5: crocops002 (8005)
Seat 6: PickySlash (11610)
Seat 7: manggy94 (25990)
Seat 8: DEXTER 68 (4770)
*** ANTE/BLINDS ***
DEXTER 68 posts ante 180
Sokmydick posts ante 180
ouibon posts ante 180
crocops002 posts ante 180
PickySlash posts ante 180
manggy94 posts ante 180
DEXTER 68 posts small blind 800
Sokmydick posts big blind 1600
Dealt to manggy94 [Ts 5c]
*** PRE-FLOP *** 
ouibon folds
crocops002 folds
PickySlash folds
manggy94 folds
DEXTER 68 raises 2990 to 4590 and is all-in
Sokmydick calls 2990
*** FLOP *** [Qs Qc Td]
*** TURN *** [Qs Qc Td][3d]
*** RIVER *** [Qs Qc Td 3d][2d]
*** SHOW DOWN ***
Sokmydick shows [8d 6h] (One pair : Queens)
DEXTER 68 shows [6s 8s] (One pair : Queens)
DEXTER 68 collected 5130 from pot
Sokmydick collected 5130 from pot
*** SUMMARY ***
Total pot 10260 | No rake
Board: [Qs Qc Td 3d 2d]
Seat 2: Sokmydick (big blind) showed [8d 6h] and won 5130 with One pair : Queens
Seat 8: DEXTER 68 (small blind) showed [6s 8s] and won 5130 with One pair : Queens


Winamax Poker - Tournament "FAST FOOD" buyIn: 4.50€ + 0.50€ level: 13 - HandId: #690181487617638412-48-1466160695 - Holdem no limit (180/800/1600) - 2016/06/17 10:51:35 UTC
Table: 'FAST FOOD(160695400)#011' 8-max (real money) Seat #8 is the button
Seat 2: Sokmydick (67965)
Seat 3: ThubThar (16278)
Seat 4: ouibon (41875)
Seat 5: crocops002 (7825)
Seat 6: PickySlash (11430)
Seat 7: manggy94 (25810)
Seat 8: DEXTER 68 (5130)
*** ANTE/BLINDS ***
Sokmydick posts ante 180
ThubThar posts ante 180
ouibon posts ante 180
crocops002 posts ante 180
PickySlash posts ante 180
manggy94 posts ante 180
DEXTER 68 posts ante 180
Sokmydick posts small blind 800
ThubThar posts big blind 1600
Dealt to manggy94 [Td 5s]
*** PRE-FLOP *** 
ouibon raises 2400 to 4000
crocops002 folds
PickySlash folds
manggy94 folds
DEXTER 68 folds
Sokmydick calls 3200
ThubThar folds
*** FLOP *** [5d 9h 8s]
Sokmydick checks
ouibon bets 4000
Sokmydick folds
ouibon collected 14860 from pot
*** SUMMARY ***
Total pot 14860 | No rake
Board: [5d 9h 8s]
Seat 4: ouibon won 14860


Winamax Poker - Tournament "FAST FOOD" buyIn: 4.50€ + 0.50€ level: 13 - HandId: #690181487617638412-49-1466160732 - Holdem no limit (180/800/1600) - 2016/06/17 10:52:12 UTC
Table: 'FAST FOOD(160695400)#011' 8-max (real money) Seat #2 is the button
Seat 2: Sokmydick (63785)
Seat 3: ThubThar (14498)
Seat 4: ouibon (48555)
Seat 5: crocops002 (7645)
Seat 6: PickySlash (11250)
Seat 7: manggy94 (25630)
Seat 8: DEXTER 68 (4950)
*** ANTE/BLINDS ***
ThubThar posts ante 180
ouibon posts ante 180
Sokmydick posts ante 180
crocops002 posts ante 180
PickySlash posts ante 180
manggy94 posts ante 180
DEXTER 68 posts ante 180
ThubThar posts small blind 800
ouibon posts big blind 1600
Dealt to manggy94 [Kd 9c]
*** PRE-FLOP *** 
crocops002 folds
PickySlash folds
manggy94 raises 1600 to 3200
DEXTER 68 folds
Sokmydick calls 3200
ThubThar folds
ouibon raises 3200 to 6400
manggy94 calls 3200
Sokmydick calls 3200
*** FLOP *** [8s Ah 5c]
ouibon checks
manggy94 checks
Sokmydick checks
*** TURN *** [8s Ah 5c][3h]
ouibon checks
manggy94 checks
Sokmydick checks
*** RIVER *** [8s Ah 5c 3h][5s]
ouibon bets 5600
manggy94 folds
Sokmydick folds
ouibon collected 26860 from pot
*** SUMMARY ***
Total pot 26860 | No rake
Board: [8s Ah 5c 3h 5s]
Seat 4: ouibon (big blind) won 26860


Winamax Poker - Tournament "FAST FOOD" buyIn: 4.50€ + 0.50€ level: 13 - HandId: #690181487617638412-50-1466160828 - Holdem no limit (180/800/1600) - 2016/06/17 10:53:48 UTC
Table: 'FAST FOOD(160695400)#011' 8-max (real money) Seat #3 is the button
Seat 1: Cyann31 (3229)
Seat 2: Sokmydick (57205)
Seat 3: ThubThar (13518)
Seat 4: ouibon (63235)
Seat 5: crocops002 (7465)
Seat 6: PickySlash (11070)
Seat 7: manggy94 (19050)
Seat 8: DEXTER 68 (4770)
*** ANTE/BLINDS ***
ouibon posts ante 180
crocops002 posts ante 180
Cyann31 posts ante 180
Sokmydick posts ante 180
ThubThar posts ante 180
PickySlash posts ante 180
manggy94 posts ante 180
DEXTER 68 posts ante 180
ouibon posts small blind 800
crocops002 posts big blind 1600
Dealt to manggy94 [4s Th]
*** PRE-FLOP *** 
PickySlash folds
manggy94 folds
DEXTER 68 raises 2990 to 4590 and is all-in
Cyann31 folds
Sokmydick calls 4590
ThubThar folds
ouibon folds
crocops002 folds
*** FLOP *** [Ks 8d Kd]
*** TURN *** [Ks 8d Kd][Kc]
*** RIVER *** [Ks 8d Kd Kc][6d]
*** SHOW DOWN ***
Sokmydick shows [Ad 4d] (Flush Ace high)
DEXTER 68 shows [8s Js] (Full of Kings and 8)
DEXTER 68 collected 13020 from pot
*** SUMMARY ***
Total pot 13020 | No rake
Board: [Ks 8d Kd Kc 6d]
Seat 2: Sokmydick showed [Ad 4d] and lost with Flush Ace high
Seat 8: DEXTER 68 showed [8s Js] and won 13020 with Full of Kings and 8


Winamax Poker - Tournament "FAST FOOD" buyIn: 4.50€ + 0.50€ level: 14 - HandId: #690181487617638412-51-1466160854 - Holdem no limit (240/1000/2000) - 2016/06/17 10:54:14 UTC
Table: 'FAST FOOD(160695400)#011' 8-max (real money) Seat #4 is the button
Seat 1: Cyann31 (3049)
Seat 2: Sokmydick (52435)
Seat 3: ThubThar (13338)
Seat 4: ouibon (62255)
Seat 5: crocops002 (5685)
Seat 6: PickySlash (10890)
Seat 7: manggy94 (18870)
Seat 8: DEXTER 68 (13020)
*** ANTE/BLINDS ***
crocops002 posts ante 240
PickySlash posts ante 240
Cyann31 posts ante 240
Sokmydick posts ante 240
ThubThar posts ante 240
ouibon posts ante 240
manggy94 posts ante 240
DEXTER 68 posts ante 240
crocops002 posts small blind 1000
PickySlash posts big blind 2000
Dealt to manggy94 [8d Qs]
*** PRE-FLOP *** 
manggy94 folds
DEXTER 68 folds
Cyann31 raises 809 to 2809 and is all-in
Sokmydick folds
ThubThar folds
ouibon calls 2809
crocops002 folds
PickySlash calls 809
*** FLOP *** [9c 2c 3d]
PickySlash bets 7841 and is all-in
ouibon calls 7841
*** TURN *** [9c 2c 3d][4d]
*** RIVER *** [9c 2c 3d 4d][7h]
*** SHOW DOWN ***
PickySlash shows [Jc 3c] (One pair : 3)
Cyann31 shows [7d Ac] (One pair : 7)
ouibon shows [8c 7c] (One pair : 7)
ouibon collected 15682 from side pot 1
Cyann31 collected 11347 from main pot
*** SUMMARY ***
Total pot 27029 | No rake
Board: [9c 2c 3d 4d 7h]
Seat 1: Cyann31 showed [7d Ac] and won 11347 with One pair : 7
Seat 4: ouibon (button) showed [8c 7c] and won 15682 with One pair : 7
Seat 6: PickySlash (big blind) showed [Jc 3c] and lost with One pair : 3


Winamax Poker - Tournament "FAST FOOD" buyIn: 4.50€ + 0.50€ level: 14 - HandId: #690181487617638412-52-1466160882 - Holdem no limit (240/1000/2000) - 2016/06/17 10:54:42 UTC
Table: 'FAST FOOD(160695400)#011' 8-max (real money) Seat #5 is the button
Seat 1: Cyann31 (11347)
Seat 2: Sokmydick (52195)
Seat 3: ThubThar (13098)
Seat 4: ouibon (67047)
Seat 5: crocops002 (4445)
Seat 7: manggy94 (18630)
Seat 8: DEXTER 68 (12780)
*** ANTE/BLINDS ***
manggy94 posts ante 240
Cyann31 posts ante 240
Sokmydick posts ante 240
ThubThar posts ante 240
ouibon posts ante 240
crocops002 posts ante 240
DEXTER 68 posts ante 240
manggy94 posts big blind 2000
Dealt to manggy94 [5h 9s]
*** PRE-FLOP *** 
DEXTER 68 calls 2000
Cyann31 raises 9107 to 11107 and is all-in
Sokmydick folds
ThubThar folds
ouibon folds
crocops002 folds
manggy94 folds
DEXTER 68 raises 1433 to 12540 and is all-in
*** FLOP *** [7d Ts 3d]
*** TURN *** [7d Ts 3d][Ks]
*** RIVER *** [7d Ts 3d Ks][Ah]
*** SHOW DOWN ***
Cyann31 shows [Jc Kc] (One pair : Kings)
DEXTER 68 shows [Jd Kd] (One pair : Kings)
DEXTER 68 collected 14380 from side pot 1
Cyann31 collected 12947 from main pot
*** SUMMARY ***
Total pot 27327 | No rake
Board: [7d Ts 3d Ks Ah]
Seat 1: Cyann31 showed [Jc Kc] and won 12947 with One pair : Kings
Seat 8: DEXTER 68 showed [Jd Kd] and won 14380 with One pair : Kings


Winamax Poker - Tournament "FAST FOOD" buyIn: 4.50€ + 0.50€ level: 14 - HandId: #690181487617638412-53-1466161202 - Holdem no limit (240/1000/2000) - 2016/06/17 11:00:02 UTC
Table: 'FAST FOOD(160695400)#011' 8-max (real money) Seat #6 is the button
Seat 1: Cyann31 (12947)
Seat 2: Sokmydick (51955)
Seat 3: ThubThar (12858)
Seat 4: ouibon (66807)
Seat 5: crocops002 (4205)
Seat 7: manggy94 (16390)
Seat 8: DEXTER 68 (14380)
*** ANTE/BLINDS ***
manggy94 posts ante 240
DEXTER 68 posts ante 240
Cyann31 posts ante 240
Sokmydick posts ante 240
ThubThar posts ante 240
ouibon posts ante 240
crocops002 posts ante 240
manggy94 posts small blind 1000
DEXTER 68 posts big blind 2000
Dealt to manggy94 [5h 6s]
*** PRE-FLOP *** 
Cyann31 folds
Sokmydick raises 4000 to 6000
ThubThar folds
ouibon folds
crocops002 folds
manggy94 folds
DEXTER 68 folds
Sokmydick collected 10680 from pot
*** SUMMARY ***
Total pot 10680 | No rake
Seat 2: Sokmydick won 10680


Winamax Poker - Tournament "FAST FOOD" buyIn: 4.50€ + 0.50€ level: 14 - HandId: #690181487617638412-54-1466161231 - Holdem no limit (240/1000/2000) - 2016/06/17 11:00:31 UTC
Table: 'FAST FOOD(160695400)#011' 8-max (real money) Seat #7 is the button
Seat 1: Cyann31 (12707)
Seat 2: Sokmydick (56395)
Seat 3: ThubThar (12618)
Seat 4: ouibon (66567)
Seat 5: crocops002 (3965)
Seat 7: manggy94 (15150)
Seat 8: DEXTER 68 (12140)
*** ANTE/BLINDS ***
DEXTER 68 posts ante 240
Cyann31 posts ante 240
Sokmydick posts ante 240
ThubThar posts ante 240
ouibon posts ante 240
crocops002 posts ante 240
manggy94 posts ante 240
DEXTER 68 posts small blind 1000
Cyann31 posts big blind 2000
Dealt to manggy94 [Kc Jd]
*** PRE-FLOP *** 
Sokmydick folds
ThubThar folds
ouibon folds
crocops002 folds
manggy94 raises 6680 to 8680
DEXTER 68 folds
Cyann31 folds
manggy94 collected 13360 from pot
*** SUMMARY ***
Total pot 13360 | No rake
Seat 7: manggy94 (button) won 13360


Winamax Poker - Tournament "FAST FOOD" buyIn: 4.50€ + 0.50€ level: 14 - HandId: #690181487617638412-55-1466161248 - Holdem no limit (240/1000/2000) - 2016/06/17 11:00:48 UTC
Table: 'FAST FOOD(160695400)#011' 8-max (real money) Seat #8 is the button
Seat 1: Cyann31 (10467)
Seat 2: Sokmydick (56155)
Seat 3: ThubThar (12378)
Seat 4: ouibon (66327)
Seat 5: crocops002 (3725)
Seat 7: manggy94 (19590)
Seat 8: DEXTER 68 (10900)
*** ANTE/BLINDS ***
Cyann31 posts ante 240
Sokmydick posts ante 240
ThubThar posts ante 240
ouibon posts ante 240
crocops002 posts ante 240
manggy94 posts ante 240
DEXTER 68 posts ante 240
Cyann31 posts small blind 1000
Sokmydick posts big blind 2000
Dealt to manggy94 [5h 6s]
*** PRE-FLOP *** 
ThubThar folds
ouibon folds
crocops002 folds
manggy94 folds
DEXTER 68 raises 8660 to 10660 and is all-in
Cyann31 folds
Sokmydick calls 8660
*** FLOP *** [3s 6c 8s]
*** TURN *** [3s 6c 8s][6d]
*** RIVER *** [3s 6c 8s 6d][Kd]
*** SHOW DOWN ***
Sokmydick shows [Qh 7c] (One pair : 6)
DEXTER 68 shows [9h 8h] (Two pairs : 8 and 6)
DEXTER 68 collected 24000 from pot
*** SUMMARY ***
Total pot 24000 | No rake
Board: [3s 6c 8s 6d Kd]
Seat 2: Sokmydick (big blind) showed [Qh 7c] and lost with One pair : 6
Seat 8: DEXTER 68 (button) showed [9h 8h] and won 24000 with Two pairs : 8 and 6


Winamax Poker - Tournament "FAST FOOD" buyIn: 4.50€ + 0.50€ level: 14 - HandId: #690181487617638412-56-1466161273 - Holdem no limit (240/1000/2000) - 2016/06/17 11:01:13 UTC
Table: 'FAST FOOD(160695400)#011' 8-max (real money) Seat #1 is the button
Seat 1: Cyann31 (9227)
Seat 2: Sokmydick (45255)
Seat 3: ThubThar (12138)
Seat 4: ouibon (66087)
Seat 5: crocops002 (3485)
Seat 7: manggy94 (19350)
Seat 8: DEXTER 68 (24000)
*** ANTE/BLINDS ***
Sokmydick posts ante 240
ThubThar posts ante 240
Cyann31 posts ante 240
ouibon posts ante 240
crocops002 posts ante 240
manggy94 posts ante 240
DEXTER 68 posts ante 240
Sokmydick posts small blind 1000
ThubThar posts big blind 2000
Dealt to manggy94 [4c Qc]
*** PRE-FLOP *** 
ouibon folds
crocops002 folds
manggy94 folds
DEXTER 68 raises 2000 to 4000
Cyann31 folds
Sokmydick folds
ThubThar folds
DEXTER 68 collected 8680 from pot
*** SUMMARY ***
Total pot 8680 | No rake
Seat 8: DEXTER 68 won 8680


Winamax Poker - Tournament "FAST FOOD" buyIn: 4.50€ + 0.50€ level: 14 - HandId: #690181487617638412-57-1466161293 - Holdem no limit (240/1000/2000) - 2016/06/17 11:01:33 UTC
Table: 'FAST FOOD(160695400)#011' 8-max (real money) Seat #2 is the button
Seat 1: Cyann31 (8987)
Seat 2: Sokmydick (44015)
Seat 3: ThubThar (9898)
Seat 4: ouibon (65847)
Seat 5: crocops002 (3245)
Seat 7: manggy94 (19110)
Seat 8: DEXTER 68 (28440)
*** ANTE/BLINDS ***
ThubThar posts ante 240
ouibon posts ante 240
Cyann31 posts ante 240
Sokmydick posts ante 240
crocops002 posts ante 240
manggy94 posts ante 240
DEXTER 68 posts ante 240
ThubThar posts small blind 1000
ouibon posts big blind 2000
Dealt to manggy94 [4c 7d]
*** PRE-FLOP *** 
crocops002 folds
manggy94 folds
DEXTER 68 calls 2000
Cyann31 folds
Sokmydick calls 2000
ThubThar folds
ouibon checks
*** FLOP *** [8d Ks 4d]
ouibon checks
DEXTER 68 checks
Sokmydick checks
*** TURN *** [8d Ks 4d][8s]
ouibon checks
DEXTER 68 checks
Sokmydick bets 4000
ouibon folds
DEXTER 68 folds
Sokmydick collected 12680 from pot
*** SUMMARY ***
Total pot 12680 | No rake
Board: [8d Ks 4d 8s]
Seat 2: Sokmydick (button) won 12680


Winamax Poker - Tournament "FAST FOOD" buyIn: 4.50€ + 0.50€ level: 15 - HandId: #690181487617638412-58-1466161353 - Holdem no limit (320/1250/2500) - 2016/06/17 11:02:33 UTC
Table: 'FAST FOOD(160695400)#011' 8-max (real money) Seat #3 is the button
Seat 1: Cyann31 (8747)
Seat 2: Sokmydick (50455)
Seat 3: ThubThar (8658)
Seat 4: ouibon (63607)
Seat 5: crocops002 (3005)
Seat 7: manggy94 (18870)
Seat 8: DEXTER 68 (26200)
*** ANTE/BLINDS ***
ouibon posts ante 320
crocops002 posts ante 320
Cyann31 posts ante 320
Sokmydick posts ante 320
ThubThar posts ante 320
manggy94 posts ante 320
DEXTER 68 posts ante 320
ouibon posts small blind 1250
crocops002 posts big blind 2500
Dealt to manggy94 [4d Tc]
*** PRE-FLOP *** 
manggy94 folds
DEXTER 68 raises 23380 to 25880 and is all-in
Cyann31 folds
Sokmydick folds
ThubThar calls 8338 and is all-in
ouibon folds
crocops002 folds
*** FLOP *** [5c Kh Ks]
*** TURN *** [5c Kh Ks][6h]
*** RIVER *** [5c Kh Ks 6h][3d]
*** SHOW DOWN ***
ThubThar shows [Jh Qc] (One pair : Kings)
DEXTER 68 shows [Th 7h] (One pair : Kings)
DEXTER 68 collected 17542 from side pot 1
ThubThar collected 22666 from main pot
*** SUMMARY ***
Total pot 40208 | No rake
Board: [5c Kh Ks 6h 3d]
Seat 3: ThubThar (button) showed [Jh Qc] and won 22666 with One pair : Kings
Seat 8: DEXTER 68 showed [Th 7h] and won 17542 with One pair : Kings


Winamax Poker - Tournament "FAST FOOD" buyIn: 4.50€ + 0.50€ level: 15 - HandId: #690181487617638412-59-1466161377 - Holdem no limit (320/1250/2500) - 2016/06/17 11:02:57 UTC
Table: 'FAST FOOD(160695400)#011' 8-max (real money) Seat #4 is the button
Seat 1: Cyann31 (8427)
Seat 2: Sokmydick (50135)
Seat 3: ThubThar (22666)
Seat 4: ouibon (62037)
Seat 5: crocops002 (185)
Seat 7: manggy94 (18550)
Seat 8: DEXTER 68 (17542)
*** ANTE/BLINDS ***
crocops002 posts ante 185 and is all-in
manggy94 posts ante 320
Cyann31 posts ante 320
Sokmydick posts ante 320
ThubThar posts ante 320
ouibon posts ante 320
DEXTER 68 posts ante 320
crocops002 posts small blind 0 and is all-in
manggy94 posts big blind 2500
Dealt to manggy94 [7c 4s]
*** PRE-FLOP *** 
DEXTER 68 folds
Cyann31 folds
Sokmydick raises 5000 to 7500
ThubThar folds
ouibon folds
manggy94 folds
*** FLOP *** [Jd As 6s]
*** TURN *** [Jd As 6s][6h]
*** RIVER *** [Jd As 6s 6h][6d]
*** SHOW DOWN ***
crocops002 shows [7d 7h] (Full of 6 and 7)
Sokmydick shows [Qc Ad] (Full of 6 and Aces)
Sokmydick collected 12105 from pot
*** SUMMARY ***
Total pot 12105 | No rake
Board: [Jd As 6s 6h 6d]
Seat 2: Sokmydick showed [Qc Ad] and won 12105 with Full of 6 and Aces
Seat 5: crocops002 (small blind) showed [7d 7h] and lost with Full of 6 and 7


Winamax Poker - Tournament "FAST FOOD" buyIn: 4.50€ + 0.50€ level: 15 - HandId: #690181487617638412-60-1466161407 - Holdem no limit (320/1250/2500) - 2016/06/17 11:03:27 UTC
Table: 'FAST FOOD(160695400)#011' 8-max (real money) Seat #5 is the button
Seat 1: Cyann31 (8107)
Seat 2: Sokmydick (54420)
Seat 3: ThubThar (22346)
Seat 4: ouibon (61717)
Seat 7: manggy94 (15730)
Seat 8: DEXTER 68 (17222)
*** ANTE/BLINDS ***
manggy94 posts ante 320
DEXTER 68 posts ante 320
Cyann31 posts ante 320
Sokmydick posts ante 320
ThubThar posts ante 320
ouibon posts ante 320
manggy94 posts small blind 1250
DEXTER 68 posts big blind 2500
Dealt to manggy94 [Jh Qs]
*** PRE-FLOP *** 
Cyann31 folds
Sokmydick folds
ThubThar raises 6250 to 8750
ouibon folds
manggy94 calls 7500
DEXTER 68 raises 8152 to 16902 and is all-in
ThubThar raises 5124 to 22026 and is all-in
manggy94 folds
*** FLOP *** [6d Js Ts]
*** TURN *** [6d Js Ts][5s]
*** RIVER *** [6d Js Ts 5s][2c]
*** SHOW DOWN ***
DEXTER 68 shows [7c Ad] (High card : Ace)
ThubThar shows [9c 9s] (One pair : 9)
ThubThar collected 49598 from pot
*** SUMMARY ***
Total pot 49598 | No rake
Board: [6d Js Ts 5s 2c]
Seat 3: ThubThar showed [9c 9s] and won 49598 with One pair : 9
Seat 8: DEXTER 68 (big blind) showed [7c Ad] and lost with High card : Ace


Winamax Poker - Tournament "FAST FOOD" buyIn: 4.50€ + 0.50€ level: 15 - HandId: #690181487617638412-61-1466161448 - Holdem no limit (320/1250/2500) - 2016/06/17 11:04:08 UTC
Table: 'FAST FOOD(160695400)#011' 8-max (real money) Seat #7 is the button
Seat 1: Cyann31 (7787)
Seat 2: Sokmydick (54100)
Seat 3: ThubThar (49598)
Seat 4: ouibon (61397)
Seat 5: PhilOpOK_TAG (15405)
Seat 6: LeKikiF0u (48614)
Seat 7: manggy94 (6660)
*** ANTE/BLINDS ***
Cyann31 posts ante 320
Sokmydick posts ante 320
ThubThar posts ante 320
ouibon posts ante 320
PhilOpOK_TAG posts ante 320
LeKikiF0u posts ante 320
manggy94 posts ante 320
Cyann31 posts big blind 2500
Dealt to manggy94 [Jd 2h]
*** PRE-FLOP *** 
Sokmydick folds
ThubThar raises 2500 to 5000
ouibon folds
PhilOpOK_TAG raises 10085 to 15085 and is all-in
LeKikiF0u folds
manggy94 folds
Cyann31 folds
ThubThar calls 10085
*** FLOP *** [3s Kh 5h]
*** TURN *** [3s Kh 5h][4h]
*** RIVER *** [3s Kh 5h 4h][7h]
*** SHOW DOWN ***
ThubThar shows [Qs 9s] (High card : King)
PhilOpOK_TAG shows [8c 8d] (One pair : 8)
PhilOpOK_TAG collected 34910 from pot
*** SUMMARY ***
Total pot 34910 | No rake
Board: [3s Kh 5h 4h 7h]
Seat 3: ThubThar showed [Qs 9s] and lost with High card : King
Seat 5: PhilOpOK_TAG showed [8c 8d] and won 34910 with One pair : 8


Winamax Poker - Tournament "FAST FOOD" buyIn: 4.50€ + 0.50€ level: 15 - HandId: #690181487617638412-62-1466161490 - Holdem no limit (320/1250/2500) - 2016/06/17 11:04:50 UTC
Table: 'FAST FOOD(160695400)#011' 8-max (real money) Seat #8 is the button
Seat 1: Cyann31 (4967)
Seat 2: Sokmydick (53780)
Seat 3: ThubThar (34193)
Seat 4: ouibon (61077)
Seat 5: PhilOpOK_TAG (34910)
Seat 6: LeKikiF0u (48294)
Seat 7: manggy94 (6340)
*** ANTE/BLINDS ***
Cyann31 posts ante 320
Sokmydick posts ante 320
ThubThar posts ante 320
ouibon posts ante 320
PhilOpOK_TAG posts ante 320
LeKikiF0u posts ante 320
manggy94 posts ante 320
Cyann31 posts small blind 1250
Sokmydick posts big blind 2500
Dealt to manggy94 [8s 9d]
*** PRE-FLOP *** 
ThubThar folds
ouibon folds
PhilOpOK_TAG folds
LeKikiF0u folds
manggy94 raises 3520 to 6020 and is all-in
Cyann31 folds
Sokmydick calls 3520
*** FLOP *** [Js Jd Jc]
*** TURN *** [Js Jd Jc][4h]
*** RIVER *** [Js Jd Jc 4h][2c]
*** SHOW DOWN ***
manggy94 shows [8s 9d] (Trips of Jacks)
Sokmydick shows [Qc 3h] (Trips of Jacks)
Sokmydick collected 15530 from pot
*** SUMMARY ***
Total pot 15530 | No rake
Board: [Js Jd Jc 4h 2c]
Seat 2: Sokmydick (big blind) showed [Qc 3h] and won 15530 with Trips of Jacks
Seat 7: manggy94 showed [8s 9d] and lost with Trips of Jacks


