Winamax Poker - Tournament "Super Freeroll Stade 1 - Déglingos !" buyIn: 0€ + 0€ level: 1 - HandId: #719615744605683713-1-1471366841 - Holdem no limit (10/20) - 2016/08/16 17:00:41 UTC
Table: 'Super Freeroll Stade 1 - Déglingos !(167548597)#0' 6-max (real money) Seat #4 is the button
Seat 1: manggy94 (500)
Seat 2: cedcedced38 (500)
Seat 3: HPSG (500)
Seat 4: PiQuEtPik (500)
Seat 5: nevadanuts (500)
Seat 6: chAAtnoir (500)
*** ANTE/BLINDS ***
nevadanuts posts small blind 10
chAAtnoir posts big blind 20
Dealt to manggy94 [6h Tc]
*** PRE-FLOP *** 
manggy94 folds
cedcedced38 raises 480 to 500 and is all-in
HPSG folds
PiQuEtPik folds
nevadanuts folds
chAAtnoir calls 480 and is all-in
*** FLOP *** [Js Ac Ks]
*** TURN *** [Js Ac Ks][Jh]
*** RIVER *** [Js Ac Ks Jh][Jc]
*** SHOW DOWN ***
cedcedced38 shows [Qc 3s] (Trips of Jacks)
chAAtnoir shows [9c Ah] (Full of Jacks and Aces)
chAAtnoir collected 1010 from pot
*** SUMMARY ***
Total pot 1010 | No rake
Board: [Js Ac Ks Jh Jc]
Seat 2: cedcedced38 showed [Qc 3s] and lost with Trips of Jacks
Seat 6: chAAtnoir (big blind) showed [9c Ah] and won 1010 with Full of Jacks and Aces


Winamax Poker - Tournament "Super Freeroll Stade 1 - Déglingos !" buyIn: 0€ + 0€ level: 1 - HandId: #719615744605683713-2-1471366867 - Holdem no limit (10/20) - 2016/08/16 17:01:07 UTC
Table: 'Super Freeroll Stade 1 - Déglingos !(167548597)#0' 6-max (real money) Seat #5 is the button
Seat 1: manggy94 (500)
Seat 3: HPSG (500)
Seat 4: PiQuEtPik (500)
Seat 5: nevadanuts (490)
Seat 6: chAAtnoir (1010)
*** ANTE/BLINDS ***
chAAtnoir posts small blind 10
manggy94 posts big blind 20
Dealt to manggy94 [Qs 5s]
*** PRE-FLOP *** 
HPSG folds
PiQuEtPik raises 20 to 40
nevadanuts raises 450 to 490 and is all-in
chAAtnoir folds
manggy94 folds
PiQuEtPik raises 10 to 500 and is all-in
*** FLOP *** [6d Ts 5d]
*** TURN *** [6d Ts 5d][9c]
*** RIVER *** [6d Ts 5d 9c][Qh]
*** SHOW DOWN ***
nevadanuts shows [As Qc] (One pair : Queens)
PiQuEtPik shows [Jd Kh] (Straight King high)
PiQuEtPik collected 1020 from pot
*** SUMMARY ***
Total pot 1020 | No rake
Board: [6d Ts 5d 9c Qh]
Seat 4: PiQuEtPik showed [Jd Kh] and won 1020 with Straight King high
Seat 5: nevadanuts (button) showed [As Qc] and lost with One pair : Queens


Winamax Poker - Tournament "Super Freeroll Stade 1 - Déglingos !" buyIn: 0€ + 0€ level: 1 - HandId: #719615744605683713-3-1471366920 - Holdem no limit (10/20) - 2016/08/16 17:02:00 UTC
Table: 'Super Freeroll Stade 1 - Déglingos !(167548597)#0' 6-max (real money) Seat #6 is the button
Seat 1: manggy94 (480)
Seat 3: HPSG (500)
Seat 4: PiQuEtPik (1020)
Seat 6: chAAtnoir (1000)
*** ANTE/BLINDS ***
manggy94 posts small blind 10
HPSG posts big blind 20
Dealt to manggy94 [Ah 5d]
*** PRE-FLOP *** 
PiQuEtPik calls 20
chAAtnoir folds
manggy94 calls 10
HPSG raises 480 to 500 and is all-in
PiQuEtPik folds
manggy94 folds
HPSG collected 540 from pot
*** SUMMARY ***
Total pot 540 | No rake
Seat 3: HPSG (big blind) won 540


Winamax Poker - Tournament "Super Freeroll Stade 1 - Déglingos !" buyIn: 0€ + 0€ level: 1 - HandId: #719615744605683713-4-1471366954 - Holdem no limit (10/20) - 2016/08/16 17:02:34 UTC
Table: 'Super Freeroll Stade 1 - Déglingos !(167548597)#0' 6-max (real money) Seat #1 is the button
Seat 1: manggy94 (460)
Seat 3: HPSG (540)
Seat 4: PiQuEtPik (1000)
Seat 6: chAAtnoir (1000)
*** ANTE/BLINDS ***
HPSG posts small blind 10
PiQuEtPik posts big blind 20
Dealt to manggy94 [7c Qd]
*** PRE-FLOP *** 
chAAtnoir calls 20
manggy94 raises 20 to 40
HPSG folds
PiQuEtPik folds
chAAtnoir calls 20
*** FLOP *** [4s 6c Jd]
chAAtnoir checks
manggy94 bets 110
chAAtnoir folds
manggy94 collected 220 from pot
*** SUMMARY ***
Total pot 220 | No rake
Board: [4s 6c Jd]
Seat 1: manggy94 (button) won 220


Winamax Poker - Tournament "Super Freeroll Stade 1 - Déglingos !" buyIn: 0€ + 0€ level: 1 - HandId: #719615744605683713-5-1471366981 - Holdem no limit (10/20) - 2016/08/16 17:03:01 UTC
Table: 'Super Freeroll Stade 1 - Déglingos !(167548597)#0' 6-max (real money) Seat #3 is the button
Seat 1: manggy94 (530)
Seat 3: HPSG (530)
Seat 4: PiQuEtPik (980)
Seat 6: chAAtnoir (960)
*** ANTE/BLINDS ***
PiQuEtPik posts small blind 10
chAAtnoir posts big blind 20
Dealt to manggy94 [3d 9d]
*** PRE-FLOP *** 
manggy94 folds
HPSG folds
PiQuEtPik folds
chAAtnoir collected 30 from pot
*** SUMMARY ***
Total pot 30 | No rake
Seat 6: chAAtnoir (big blind) won 30


Winamax Poker - Tournament "Super Freeroll Stade 1 - Déglingos !" buyIn: 0€ + 0€ level: 2 - HandId: #719615744605683713-6-1471367026 - Holdem no limit (15/30) - 2016/08/16 17:03:46 UTC
Table: 'Super Freeroll Stade 1 - Déglingos !(167548597)#0' 6-max (real money) Seat #4 is the button
Seat 1: manggy94 (530)
Seat 3: HPSG (530)
Seat 4: PiQuEtPik (970)
Seat 6: chAAtnoir (970)
*** ANTE/BLINDS ***
chAAtnoir posts small blind 15
manggy94 posts big blind 30
Dealt to manggy94 [5c Js]
*** PRE-FLOP *** 
HPSG folds
PiQuEtPik folds
chAAtnoir folds
manggy94 collected 45 from pot
*** SUMMARY ***
Total pot 45 | No rake
Seat 1: manggy94 (big blind) won 45


Winamax Poker - Tournament "Super Freeroll Stade 1 - Déglingos !" buyIn: 0€ + 0€ level: 2 - HandId: #719615744605683713-7-1471367047 - Holdem no limit (15/30) - 2016/08/16 17:04:07 UTC
Table: 'Super Freeroll Stade 1 - Déglingos !(167548597)#0' 6-max (real money) Seat #6 is the button
Seat 1: manggy94 (545)
Seat 3: HPSG (530)
Seat 4: PiQuEtPik (970)
Seat 6: chAAtnoir (955)
*** ANTE/BLINDS ***
manggy94 posts small blind 15
HPSG posts big blind 30
Dealt to manggy94 [7s 3c]
*** PRE-FLOP *** 
PiQuEtPik folds
chAAtnoir folds
manggy94 folds
HPSG collected 45 from pot
*** SUMMARY ***
Total pot 45 | No rake
Seat 3: HPSG (big blind) won 45


Winamax Poker - Tournament "Super Freeroll Stade 1 - Déglingos !" buyIn: 0€ + 0€ level: 2 - HandId: #719615744605683713-8-1471367066 - Holdem no limit (15/30) - 2016/08/16 17:04:26 UTC
Table: 'Super Freeroll Stade 1 - Déglingos !(167548597)#0' 6-max (real money) Seat #1 is the button
Seat 1: manggy94 (530)
Seat 3: HPSG (545)
Seat 4: PiQuEtPik (970)
Seat 6: chAAtnoir (955)
*** ANTE/BLINDS ***
HPSG posts small blind 15
PiQuEtPik posts big blind 30
Dealt to manggy94 [6d 3d]
*** PRE-FLOP *** 
chAAtnoir folds
manggy94 calls 30
HPSG folds
PiQuEtPik checks
*** FLOP *** [9c 9d Js]
PiQuEtPik checks
manggy94 bets 38
PiQuEtPik folds
manggy94 collected 113 from pot
*** SUMMARY ***
Total pot 113 | No rake
Board: [9c 9d Js]
Seat 1: manggy94 (button) won 113


Winamax Poker - Tournament "Super Freeroll Stade 1 - Déglingos !" buyIn: 0€ + 0€ level: 2 - HandId: #719615744605683713-9-1471367093 - Holdem no limit (15/30) - 2016/08/16 17:04:53 UTC
Table: 'Super Freeroll Stade 1 - Déglingos !(167548597)#0' 6-max (real money) Seat #3 is the button
Seat 1: manggy94 (575)
Seat 3: HPSG (530)
Seat 4: PiQuEtPik (940)
Seat 6: chAAtnoir (955)
*** ANTE/BLINDS ***
PiQuEtPik posts small blind 15
chAAtnoir posts big blind 30
Dealt to manggy94 [Jc 9d]
*** PRE-FLOP *** 
manggy94 raises 30 to 60
HPSG folds
PiQuEtPik raises 60 to 120
chAAtnoir folds
manggy94 calls 60
*** FLOP *** [4h 9s 6d]
PiQuEtPik bets 180
manggy94 raises 275 to 455 and is all-in
PiQuEtPik raises 275 to 730
*** TURN *** [4h 9s 6d][7c]
*** RIVER *** [4h 9s 6d 7c][5h]
*** SHOW DOWN ***
manggy94 shows [Jc 9d] (One pair : 9)
PiQuEtPik shows [Qc Qd] (One pair : Queens)
PiQuEtPik collected 1455 from pot
*** SUMMARY ***
Total pot 1455 | No rake
Board: [4h 9s 6d 7c 5h]
Seat 1: manggy94 showed [Jc 9d] and lost with One pair : 9
Seat 4: PiQuEtPik (small blind) showed [Qc Qd] and won 1455 with One pair : Queens


