Winamax Poker - Tournament "Super Freeroll Stade 1 - Déglingos !" buyIn: 0€ + 0€ level: 1 - HandId: #704319819876401153-1-1468099912 - Holdem no limit (10/20) - 2016/07/09 21:31:52 UTC
Table: 'Super Freeroll Stade 1 - Déglingos !(163987237)#0' 6-max (real money) Seat #4 is the button
Seat 1: Mamantoff (500)
Seat 2: manggy94 (500)
Seat 3: Digitrex (500)
Seat 4: Goracki (500)
Seat 5: Jigsaw75 (500)
Seat 6: CH1401 (500)
*** ANTE/BLINDS ***
Jigsaw75 posts small blind 10
CH1401 posts big blind 20
Dealt to manggy94 [Qd 8c]
*** PRE-FLOP *** 
Mamantoff calls 20
manggy94 folds
Digitrex calls 20
Goracki calls 20
Jigsaw75 folds
CH1401 checks
*** FLOP *** [9h 9s Ad]
CH1401 checks
Mamantoff checks
Digitrex checks
Goracki checks
*** TURN *** [9h 9s Ad][Kh]
CH1401 checks
Mamantoff checks
Digitrex checks
Goracki checks
*** RIVER *** [9h 9s Ad Kh][7d]
CH1401 bets 20
Mamantoff calls 20
Digitrex folds
Goracki folds
*** SHOW DOWN ***
Mamantoff shows [7s 6d] (Two pairs : 9 and 7)
CH1401 shows [3d 9d] (Trips of 9)
CH1401 collected 130 from pot
*** SUMMARY ***
Total pot 130 | No rake
Board: [9h 9s Ad Kh 7d]
Seat 1: Mamantoff showed [7s 6d] and lost with Two pairs : 9 and 7
Seat 6: CH1401 (big blind) showed [3d 9d] and won 130 with Trips of 9


Winamax Poker - Tournament "Super Freeroll Stade 1 - Déglingos !" buyIn: 0€ + 0€ level: 1 - HandId: #704319819876401153-2-1468099966 - Holdem no limit (10/20) - 2016/07/09 21:32:46 UTC
Table: 'Super Freeroll Stade 1 - Déglingos !(163987237)#0' 6-max (real money) Seat #5 is the button
Seat 1: Mamantoff (460)
Seat 2: manggy94 (500)
Seat 3: Digitrex (480)
Seat 4: Goracki (480)
Seat 5: Jigsaw75 (490)
Seat 6: CH1401 (590)
*** ANTE/BLINDS ***
CH1401 posts small blind 10
Mamantoff posts big blind 20
Dealt to manggy94 [Ah 9d]
*** PRE-FLOP *** 
manggy94 raises 480 to 500 and is all-in
Digitrex calls 480 and is all-in
Goracki folds
Jigsaw75 calls 490 and is all-in
CH1401 folds
Mamantoff calls 440 and is all-in
*** FLOP *** [4h 3s Ks]
*** TURN *** [4h 3s Ks][Jc]
*** RIVER *** [4h 3s Ks Jc][3d]
*** SHOW DOWN ***
Mamantoff shows [8d 6h] (One pair : 3)
Digitrex shows [Qc Jh] (Two pairs : Jacks and 3)
manggy94 shows [Ah 9d] (One pair : 3)
Jigsaw75 shows [Qd Qs] (Two pairs : Queens and 3)
Jigsaw75 collected 1930 from main pot
manggy94 collected 10 from side pot 1
*** SUMMARY ***
Total pot 1940 | No rake
Board: [4h 3s Ks Jc 3d]
Seat 1: Mamantoff (big blind) showed [8d 6h] and lost with One pair : 3
Seat 2: manggy94 showed [Ah 9d] and won 10 with One pair : 3
Seat 3: Digitrex showed [Qc Jh] and lost with Two pairs : Jacks and 3
Seat 5: Jigsaw75 (button) showed [Qd Qs] and won 1930 with Two pairs : Queens and 3


Winamax Poker - Tournament "Super Freeroll Stade 1 - Déglingos !" buyIn: 0€ + 0€ level: 1 - HandId: #704319819876401153-3-1468099995 - Holdem no limit (10/20) - 2016/07/09 21:33:15 UTC
Table: 'Super Freeroll Stade 1 - Déglingos !(163987237)#0' 6-max (real money) Seat #6 is the button
Seat 2: manggy94 (10)
Seat 4: Goracki (480)
Seat 5: Jigsaw75 (1930)
Seat 6: CH1401 (580)
*** ANTE/BLINDS ***
manggy94 posts big blind 10 and is all-in
Dealt to manggy94 [Jc Jd]
*** PRE-FLOP *** 
Goracki calls 20
Jigsaw75 folds
CH1401 folds
*** FLOP *** [5c 3s 7s]
*** TURN *** [5c 3s 7s][Td]
*** RIVER *** [5c 3s 7s Td][3h]
*** SHOW DOWN ***
manggy94 shows [Jc Jd] (Two pairs : Jacks and 3)
Goracki shows [7d Ts] (Two pairs : Tens and 7)
Goracki collected 10 from side pot 1
manggy94 collected 20 from main pot
*** SUMMARY ***
Total pot 30 | No rake
Board: [5c 3s 7s Td 3h]
Seat 2: manggy94 (big blind) showed [Jc Jd] and won 20 with Two pairs : Jacks and 3
Seat 4: Goracki showed [7d Ts] and won 10 with Two pairs : Tens and 7


Winamax Poker - Tournament "Super Freeroll Stade 1 - Déglingos !" buyIn: 0€ + 0€ level: 1 - HandId: #704319819876401153-4-1468100008 - Holdem no limit (10/20) - 2016/07/09 21:33:28 UTC
Table: 'Super Freeroll Stade 1 - Déglingos !(163987237)#0' 6-max (real money) Seat #1 is the button
Seat 2: manggy94 (20)
Seat 4: Goracki (470)
Seat 5: Jigsaw75 (1930)
Seat 6: CH1401 (580)
*** ANTE/BLINDS ***
manggy94 posts small blind 10
Goracki posts big blind 20
Dealt to manggy94 [9h Js]
*** PRE-FLOP *** 
Jigsaw75 raises 1910 to 1930 and is all-in
CH1401 folds
manggy94 calls 10 and is all-in
Goracki folds
*** FLOP *** [Td 6d Jd]
*** TURN *** [Td 6d Jd][8c]
*** RIVER *** [Td 6d Jd 8c][3s]
*** SHOW DOWN ***
manggy94 shows [9h Js] (One pair : Jacks)
Jigsaw75 shows [Ac 7c] (High card : Ace)
Jigsaw75 collected 1910 from side pot 1
manggy94 collected 60 from main pot
*** SUMMARY ***
Total pot 1970 | No rake
Board: [Td 6d Jd 8c 3s]
Seat 2: manggy94 (small blind) showed [9h Js] and won 60 with One pair : Jacks
Seat 5: Jigsaw75 showed [Ac 7c] and won 1910 with High card : Ace


Winamax Poker - Tournament "Super Freeroll Stade 1 - Déglingos !" buyIn: 0€ + 0€ level: 1 - HandId: #704319819876401153-5-1468100027 - Holdem no limit (10/20) - 2016/07/09 21:33:47 UTC
Table: 'Super Freeroll Stade 1 - Déglingos !(163987237)#0' 6-max (real money) Seat #2 is the button
Seat 2: manggy94 (60)
Seat 4: Goracki (450)
Seat 5: Jigsaw75 (1910)
Seat 6: CH1401 (580)
*** ANTE/BLINDS ***
Goracki posts small blind 10
Jigsaw75 posts big blind 20
Dealt to manggy94 [Ah 3c]
*** PRE-FLOP *** 
CH1401 calls 20
manggy94 folds
Goracki folds
Jigsaw75 checks
*** FLOP *** [4s 9d 9h]
Jigsaw75 checks
CH1401 checks
*** TURN *** [4s 9d 9h][Qs]
Jigsaw75 checks
CH1401 checks
*** RIVER *** [4s 9d 9h Qs][4c]
Jigsaw75 bets 20
CH1401 calls 20
*** SHOW DOWN ***
Jigsaw75 shows [2c 2h] (Two pairs : 9 and 4)
CH1401 shows [Kh 7h] (Two pairs : 9 and 4)
CH1401 collected 90 from pot
*** SUMMARY ***
Total pot 90 | No rake
Board: [4s 9d 9h Qs 4c]
Seat 5: Jigsaw75 (big blind) showed [2c 2h] and lost with Two pairs : 9 and 4
Seat 6: CH1401 showed [Kh 7h] and won 90 with Two pairs : 9 and 4


Winamax Poker - Tournament "Super Freeroll Stade 1 - Déglingos !" buyIn: 0€ + 0€ level: 1 - HandId: #704319819876401153-6-1468100077 - Holdem no limit (10/20) - 2016/07/09 21:34:37 UTC
Table: 'Super Freeroll Stade 1 - Déglingos !(163987237)#0' 6-max (real money) Seat #4 is the button
Seat 2: manggy94 (60)
Seat 4: Goracki (440)
Seat 5: Jigsaw75 (1870)
Seat 6: CH1401 (630)
*** ANTE/BLINDS ***
Jigsaw75 posts small blind 10
CH1401 posts big blind 20
Dealt to manggy94 [3d 9h]
*** PRE-FLOP *** 
manggy94 folds
Goracki calls 20
Jigsaw75 folds
CH1401 checks
*** FLOP *** [Kc 8s Qc]
CH1401 bets 20
Goracki folds
CH1401 collected 70 from pot
*** SUMMARY ***
Total pot 70 | No rake
Board: [Kc 8s Qc]
Seat 6: CH1401 (big blind) won 70


Winamax Poker - Tournament "Super Freeroll Stade 1 - Déglingos !" buyIn: 0€ + 0€ level: 2 - HandId: #704319819876401153-7-1468100092 - Holdem no limit (15/30) - 2016/07/09 21:34:52 UTC
Table: 'Super Freeroll Stade 1 - Déglingos !(163987237)#0' 6-max (real money) Seat #5 is the button
Seat 2: manggy94 (60)
Seat 4: Goracki (420)
Seat 5: Jigsaw75 (1860)
Seat 6: CH1401 (660)
*** ANTE/BLINDS ***
CH1401 posts small blind 15
manggy94 posts big blind 30
Dealt to manggy94 [8s 5s]
*** PRE-FLOP *** 
Goracki folds
Jigsaw75 raises 1830 to 1860 and is all-in
CH1401 folds
manggy94 calls 30 and is all-in
*** FLOP *** [3s Ts 4s]
*** TURN *** [3s Ts 4s][8h]
*** RIVER *** [3s Ts 4s 8h][6h]
*** SHOW DOWN ***
manggy94 shows [8s 5s] (Flush Ten high)
Jigsaw75 shows [Jd Jh] (One pair : Jacks)
Jigsaw75 collected 1800 from side pot 1
manggy94 collected 135 from main pot
*** SUMMARY ***
Total pot 1935 | No rake
Board: [3s Ts 4s 8h 6h]
Seat 2: manggy94 (big blind) showed [8s 5s] and won 135 with Flush Ten high
Seat 5: Jigsaw75 (button) showed [Jd Jh] and won 1800 with One pair : Jacks


Winamax Poker - Tournament "Super Freeroll Stade 1 - Déglingos !" buyIn: 0€ + 0€ level: 2 - HandId: #704319819876401153-8-1468100135 - Holdem no limit (15/30) - 2016/07/09 21:35:35 UTC
Table: 'Super Freeroll Stade 1 - Déglingos !(163987237)#0' 6-max (real money) Seat #6 is the button
Seat 2: manggy94 (135)
Seat 4: Goracki (420)
Seat 5: Jigsaw75 (1800)
Seat 6: CH1401 (645)
*** ANTE/BLINDS ***
manggy94 posts small blind 15
Goracki posts big blind 30
Dealt to manggy94 [8c 5h]
*** PRE-FLOP *** 
Jigsaw75 folds
CH1401 calls 30
manggy94 folds
Goracki checks
*** FLOP *** [9s Th Ad]
Goracki checks
CH1401 checks
*** TURN *** [9s Th Ad][4h]
Goracki checks
CH1401 checks
*** RIVER *** [9s Th Ad 4h][Kd]
Goracki checks
CH1401 checks
*** SHOW DOWN ***
CH1401 shows [2s 5c] (High card : Ace)
Goracki shows [2c 6s] (High card : Ace)
Goracki collected 75 from pot
*** SUMMARY ***
Total pot 75 | No rake
Board: [9s Th Ad 4h Kd]
Seat 4: Goracki (big blind) showed [2c 6s] and won 75 with High card : Ace
Seat 6: CH1401 (button) showed [2s 5c] and lost with High card : Ace


Winamax Poker - Tournament "Super Freeroll Stade 1 - Déglingos !" buyIn: 0€ + 0€ level: 2 - HandId: #704319819876401153-9-1468100158 - Holdem no limit (15/30) - 2016/07/09 21:35:58 UTC
Table: 'Super Freeroll Stade 1 - Déglingos !(163987237)#0' 6-max (real money) Seat #2 is the button
Seat 2: manggy94 (120)
Seat 4: Goracki (465)
Seat 5: Jigsaw75 (1800)
Seat 6: CH1401 (615)
*** ANTE/BLINDS ***
Goracki posts small blind 15
Jigsaw75 posts big blind 30
Dealt to manggy94 [2d 4c]
*** PRE-FLOP *** 
CH1401 calls 30
manggy94 folds
Goracki folds
Jigsaw75 raises 1770 to 1800 and is all-in
CH1401 folds
Jigsaw75 collected 1845 from pot
*** SUMMARY ***
Total pot 1845 | No rake
Seat 5: Jigsaw75 (big blind) won 1845


Winamax Poker - Tournament "Super Freeroll Stade 1 - Déglingos !" buyIn: 0€ + 0€ level: 2 - HandId: #704319819876401153-10-1468100172 - Holdem no limit (15/30) - 2016/07/09 21:36:12 UTC
Table: 'Super Freeroll Stade 1 - Déglingos !(163987237)#0' 6-max (real money) Seat #4 is the button
Seat 2: manggy94 (120)
Seat 4: Goracki (450)
Seat 5: Jigsaw75 (1845)
Seat 6: CH1401 (585)
*** ANTE/BLINDS ***
Jigsaw75 posts small blind 15
CH1401 posts big blind 30
Dealt to manggy94 [6h Qh]
*** PRE-FLOP *** 
manggy94 folds
Goracki calls 30
Jigsaw75 folds
CH1401 checks
*** FLOP *** [As Qc 4c]
CH1401 checks
Goracki checks
*** TURN *** [As Qc 4c][Jh]
CH1401 checks
Goracki bets 30
CH1401 calls 30
*** RIVER *** [As Qc 4c Jh][8s]
CH1401 checks
Goracki bets 101
CH1401 folds
Goracki collected 236 from pot
*** SUMMARY ***
Total pot 236 | No rake
Board: [As Qc 4c Jh 8s]
Seat 4: Goracki (button) won 236


Winamax Poker - Tournament "Super Freeroll Stade 1 - Déglingos !" buyIn: 0€ + 0€ level: 2 - HandId: #704319819876401153-11-1468100198 - Holdem no limit (15/30) - 2016/07/09 21:36:38 UTC
Table: 'Super Freeroll Stade 1 - Déglingos !(163987237)#0' 6-max (real money) Seat #5 is the button
Seat 2: manggy94 (120)
Seat 4: Goracki (525)
Seat 5: Jigsaw75 (1830)
Seat 6: CH1401 (525)
*** ANTE/BLINDS ***
CH1401 posts small blind 15
manggy94 posts big blind 30
Dealt to manggy94 [2s 9s]
*** PRE-FLOP *** 
Goracki calls 30
Jigsaw75 folds
CH1401 calls 15
manggy94 checks
*** FLOP *** [Jd 8s 4h]
CH1401 checks
manggy94 checks
Goracki checks
*** TURN *** [Jd 8s 4h][3d]
CH1401 checks
manggy94 checks
Goracki checks
*** RIVER *** [Jd 8s 4h 3d][8d]
CH1401 bets 30
manggy94 folds
Goracki folds
CH1401 collected 120 from pot
*** SUMMARY ***
Total pot 120 | No rake
Board: [Jd 8s 4h 3d 8d]
Seat 6: CH1401 (small blind) won 120


Winamax Poker - Tournament "Super Freeroll Stade 1 - Déglingos !" buyIn: 0€ + 0€ level: 2 - HandId: #704319819876401153-12-1468100232 - Holdem no limit (15/30) - 2016/07/09 21:37:12 UTC
Table: 'Super Freeroll Stade 1 - Déglingos !(163987237)#0' 6-max (real money) Seat #6 is the button
Seat 2: manggy94 (90)
Seat 4: Goracki (495)
Seat 5: Jigsaw75 (1830)
Seat 6: CH1401 (585)
*** ANTE/BLINDS ***
manggy94 posts small blind 15
Goracki posts big blind 30
Dealt to manggy94 [As Qh]
*** PRE-FLOP *** 
Jigsaw75 folds
CH1401 folds
manggy94 raises 60 to 90 and is all-in
Goracki folds
manggy94 collected 120 from pot
*** SUMMARY ***
Total pot 120 | No rake
Seat 2: manggy94 (small blind) won 120


Winamax Poker - Tournament "Super Freeroll Stade 1 - Déglingos !" buyIn: 0€ + 0€ level: 3 - HandId: #704319819876401153-13-1468100278 - Holdem no limit (20/40) - 2016/07/09 21:37:58 UTC
Table: 'Super Freeroll Stade 1 - Déglingos !(163987237)#0' 6-max (real money) Seat #2 is the button
Seat 2: manggy94 (120)
Seat 4: Goracki (465)
Seat 5: Jigsaw75 (1830)
Seat 6: CH1401 (585)
*** ANTE/BLINDS ***
Goracki posts small blind 20
Jigsaw75 posts big blind 40
Dealt to manggy94 [Kc 3d]
*** PRE-FLOP *** 
CH1401 folds
manggy94 raises 80 to 120 and is all-in
Goracki calls 100
Jigsaw75 folds
*** FLOP *** [9c Js Jd]
*** TURN *** [9c Js Jd][Tc]
*** RIVER *** [9c Js Jd Tc][Qh]
*** SHOW DOWN ***
manggy94 shows [Kc 3d] (Straight King high)
Goracki shows [Kh 6h] (Straight King high)
Goracki collected 140 from pot
manggy94 collected 140 from pot
*** SUMMARY ***
Total pot 280 | No rake
Board: [9c Js Jd Tc Qh]
Seat 2: manggy94 (button) showed [Kc 3d] and won 140 with Straight King high
Seat 4: Goracki (small blind) showed [Kh 6h] and won 140 with Straight King high


Winamax Poker - Tournament "Super Freeroll Stade 1 - Déglingos !" buyIn: 0€ + 0€ level: 3 - HandId: #704319819876401153-14-1468100294 - Holdem no limit (20/40) - 2016/07/09 21:38:14 UTC
Table: 'Super Freeroll Stade 1 - Déglingos !(163987237)#0' 6-max (real money) Seat #4 is the button
Seat 2: manggy94 (140)
Seat 4: Goracki (485)
Seat 5: Jigsaw75 (1790)
Seat 6: CH1401 (585)
*** ANTE/BLINDS ***
Jigsaw75 posts small blind 20
CH1401 posts big blind 40
Dealt to manggy94 [6d Ts]
*** PRE-FLOP *** 
manggy94 folds
Goracki folds
Jigsaw75 folds
CH1401 collected 60 from pot
*** SUMMARY ***
Total pot 60 | No rake
Seat 6: CH1401 (big blind) won 60


Winamax Poker - Tournament "Super Freeroll Stade 1 - Déglingos !" buyIn: 0€ + 0€ level: 3 - HandId: #704319819876401153-15-1468100300 - Holdem no limit (20/40) - 2016/07/09 21:38:20 UTC
Table: 'Super Freeroll Stade 1 - Déglingos !(163987237)#0' 6-max (real money) Seat #5 is the button
Seat 2: manggy94 (140)
Seat 4: Goracki (485)
Seat 5: Jigsaw75 (1770)
Seat 6: CH1401 (605)
*** ANTE/BLINDS ***
CH1401 posts small blind 20
manggy94 posts big blind 40
Dealt to manggy94 [9s 7s]
*** PRE-FLOP *** 
Goracki calls 40
Jigsaw75 folds
CH1401 raises 40 to 80
manggy94 calls 40
Goracki calls 40
*** FLOP *** [5c 8s 5d]
CH1401 checks
manggy94 checks
Goracki checks
*** TURN *** [5c 8s 5d][4d]
CH1401 checks
manggy94 checks
Goracki checks
*** RIVER *** [5c 8s 5d 4d][Kd]
CH1401 checks
manggy94 checks
Goracki bets 100
CH1401 calls 100
manggy94 folds
*** SHOW DOWN ***
CH1401 shows [9d Ts] (One pair : 5)
Goracki shows [9c Qh] (One pair : 5)
Goracki collected 440 from pot
*** SUMMARY ***
Total pot 440 | No rake
Board: [5c 8s 5d 4d Kd]
Seat 4: Goracki showed [9c Qh] and won 440 with One pair : 5
Seat 6: CH1401 (small blind) showed [9d Ts] and lost with One pair : 5


Winamax Poker - Tournament "Super Freeroll Stade 1 - Déglingos !" buyIn: 0€ + 0€ level: 3 - HandId: #704319819876401153-16-1468100350 - Holdem no limit (20/40) - 2016/07/09 21:39:10 UTC
Table: 'Super Freeroll Stade 1 - Déglingos !(163987237)#0' 6-max (real money) Seat #6 is the button
Seat 2: manggy94 (60)
Seat 4: Goracki (745)
Seat 5: Jigsaw75 (1770)
Seat 6: CH1401 (425)
*** ANTE/BLINDS ***
manggy94 posts small blind 20
Goracki posts big blind 40
Dealt to manggy94 [8d 8c]
*** PRE-FLOP *** 
Jigsaw75 folds
CH1401 folds
manggy94 raises 20 to 60 and is all-in
Goracki calls 20
*** FLOP *** [Qh 6h Js]
*** TURN *** [Qh 6h Js][7s]
*** RIVER *** [Qh 6h Js 7s][Kh]
*** SHOW DOWN ***
Goracki shows [2d 7c] (One pair : 7)
manggy94 shows [8d 8c] (One pair : 8)
manggy94 collected 120 from pot
*** SUMMARY ***
Total pot 120 | No rake
Board: [Qh 6h Js 7s Kh]
Seat 2: manggy94 (small blind) showed [8d 8c] and won 120 with One pair : 8
Seat 4: Goracki (big blind) showed [2d 7c] and lost with One pair : 7


Winamax Poker - Tournament "Super Freeroll Stade 1 - Déglingos !" buyIn: 0€ + 0€ level: 3 - HandId: #704319819876401153-17-1468100373 - Holdem no limit (20/40) - 2016/07/09 21:39:33 UTC
Table: 'Super Freeroll Stade 1 - Déglingos !(163987237)#0' 6-max (real money) Seat #2 is the button
Seat 2: manggy94 (120)
Seat 4: Goracki (685)
Seat 5: Jigsaw75 (1770)
Seat 6: CH1401 (425)
*** ANTE/BLINDS ***
Goracki posts small blind 20
Jigsaw75 posts big blind 40
Dealt to manggy94 [Ts Js]
*** PRE-FLOP *** 
CH1401 folds
manggy94 raises 80 to 120 and is all-in
Goracki calls 100
Jigsaw75 calls 80
*** FLOP *** [3h 2h 5h]
Goracki checks
Jigsaw75 checks
*** TURN *** [3h 2h 5h][Qh]
Goracki bets 40
Jigsaw75 folds
*** RIVER *** [3h 2h 5h Qh][Jd]
*** SHOW DOWN ***
manggy94 shows [Ts Js] (One pair : Jacks)
Goracki shows [Qd 9c] (One pair : Queens)
Goracki collected 400 from pot
*** SUMMARY ***
Total pot 400 | No rake
Board: [3h 2h 5h Qh Jd]
Seat 2: manggy94 (button) showed [Ts Js] and lost with One pair : Jacks
Seat 4: Goracki (small blind) showed [Qd 9c] and won 400 with One pair : Queens


