Winamax Poker - Tournament "Freeroll" buyIn: 0€ + 0€ level: 5 - HandId: #694258463848530302-9-1467040449 - Holdem no limit (40/80) - 2016/06/27 15:14:09 UTC
Table: 'Freeroll(161644645)#381' 8-max (real money) Seat #1 is the button
Seat 1: lanarguich (8855)
Seat 2: michmuch029 (9465)
Seat 3: omu01 (2960)
Seat 4: bvda (2820)
Seat 5: manggy94 (3000)
Seat 6: kotori.78 (2910)
Seat 7: kiki6295018 (2910)
Seat 8: mimimika (2900)
*** ANTE/BLINDS ***
michmuch029 posts small blind 40
omu01 posts big blind 80
Dealt to manggy94 [Js 9c]
*** PRE-FLOP *** 
bvda folds
manggy94 folds
kotori.78 folds
kiki6295018 folds
mimimika folds
lanarguich folds
michmuch029 calls 40
omu01 folds
michmuch029 collected 160 from pot
*** SUMMARY ***
Total pot 160 | No rake
Seat 2: michmuch029 (small blind) won 160


Winamax Poker - Tournament "Freeroll" buyIn: 0€ + 0€ level: 5 - HandId: #694258463848530302-10-1467040474 - Holdem no limit (40/80) - 2016/06/27 15:14:34 UTC
Table: 'Freeroll(161644645)#381' 8-max (real money) Seat #2 is the button
Seat 1: lanarguich (8855)
Seat 2: michmuch029 (9545)
Seat 3: omu01 (2880)
Seat 4: bvda (2820)
Seat 5: manggy94 (3000)
Seat 6: kotori.78 (2910)
Seat 7: kiki6295018 (2910)
Seat 8: mimimika (2900)
*** ANTE/BLINDS ***
omu01 posts small blind 40
bvda posts big blind 80
Dealt to manggy94 [3d 4d]
*** PRE-FLOP *** 
manggy94 folds
kotori.78 folds
kiki6295018 folds
mimimika folds
lanarguich folds
michmuch029 folds
omu01 folds
bvda collected 120 from pot
*** SUMMARY ***
Total pot 120 | No rake
Seat 4: bvda (big blind) won 120


Winamax Poker - Tournament "Freeroll" buyIn: 0€ + 0€ level: 5 - HandId: #694258463848530302-11-1467040486 - Holdem no limit (40/80) - 2016/06/27 15:14:46 UTC
Table: 'Freeroll(161644645)#381' 8-max (real money) Seat #3 is the button
Seat 1: lanarguich (8855)
Seat 2: michmuch029 (9545)
Seat 3: omu01 (2840)
Seat 4: bvda (2860)
Seat 5: manggy94 (3000)
Seat 6: kotori.78 (2910)
Seat 7: kiki6295018 (2910)
Seat 8: mimimika (2900)
*** ANTE/BLINDS ***
bvda posts small blind 40
manggy94 posts big blind 80
Dealt to manggy94 [3h 8c]
*** PRE-FLOP *** 
kotori.78 folds
kiki6295018 folds
mimimika folds
lanarguich calls 80
michmuch029 folds
omu01 folds
bvda folds
manggy94 checks
*** FLOP *** [As 5h Kh]
manggy94 checks
lanarguich bets 80
manggy94 folds
lanarguich collected 280 from pot
*** SUMMARY ***
Total pot 280 | No rake
Board: [As 5h Kh]
Seat 1: lanarguich won 280


Winamax Poker - Tournament "Freeroll" buyIn: 0€ + 0€ level: 5 - HandId: #694258463848530302-12-1467040521 - Holdem no limit (40/80) - 2016/06/27 15:15:21 UTC
Table: 'Freeroll(161644645)#381' 8-max (real money) Seat #4 is the button
Seat 1: lanarguich (8975)
Seat 2: michmuch029 (9545)
Seat 3: omu01 (2840)
Seat 4: bvda (2820)
Seat 5: manggy94 (2920)
Seat 6: kotori.78 (2910)
Seat 7: kiki6295018 (2910)
Seat 8: mimimika (2900)
*** ANTE/BLINDS ***
manggy94 posts small blind 40
kotori.78 posts big blind 80
Dealt to manggy94 [4d Th]
*** PRE-FLOP *** 
kiki6295018 folds
mimimika folds
lanarguich folds
michmuch029 folds
omu01 folds
bvda folds
manggy94 raises 80 to 160
kotori.78 raises 80 to 240
manggy94 calls 80
*** FLOP *** [4h 8c 7c]
manggy94 bets 240
kotori.78 calls 240
*** TURN *** [4h 8c 7c][6c]
manggy94 checks
kotori.78 checks
*** RIVER *** [4h 8c 7c 6c][8d]
manggy94 checks
kotori.78 bets 2430 and is all-in
manggy94 folds
kotori.78 collected 3390 from pot
*** SUMMARY ***
Total pot 3390 | No rake
Board: [4h 8c 7c 6c 8d]
Seat 6: kotori.78 (big blind) won 3390


Winamax Poker - Tournament "Freeroll" buyIn: 0€ + 0€ level: 6 - HandId: #694258463848530302-13-1467040580 - Holdem no limit (60/120) - 2016/06/27 15:16:20 UTC
Table: 'Freeroll(161644645)#381' 8-max (real money) Seat #5 is the button
Seat 1: lanarguich (8975)
Seat 2: michmuch029 (9545)
Seat 3: omu01 (2840)
Seat 4: bvda (2820)
Seat 5: manggy94 (2440)
Seat 6: kotori.78 (3390)
Seat 7: kiki6295018 (2910)
Seat 8: mimimika (2900)
*** ANTE/BLINDS ***
kotori.78 posts small blind 60
kiki6295018 posts big blind 120
Dealt to manggy94 [Kc Ad]
*** PRE-FLOP *** 
mimimika folds
lanarguich folds
michmuch029 folds
omu01 folds
bvda folds
manggy94 raises 540 to 660
kotori.78 folds
kiki6295018 folds
manggy94 collected 840 from pot
*** SUMMARY ***
Total pot 840 | No rake
Seat 5: manggy94 (button) won 840


Winamax Poker - Tournament "Freeroll" buyIn: 0€ + 0€ level: 6 - HandId: #694258463848530302-14-1467040617 - Holdem no limit (60/120) - 2016/06/27 15:16:57 UTC
Table: 'Freeroll(161644645)#381' 8-max (real money) Seat #6 is the button
Seat 1: lanarguich (8975)
Seat 2: michmuch029 (9545)
Seat 3: omu01 (2840)
Seat 4: bvda (2820)
Seat 5: manggy94 (2620)
Seat 6: kotori.78 (3330)
Seat 7: kiki6295018 (2790)
Seat 8: mimimika (2900)
*** ANTE/BLINDS ***
kiki6295018 posts small blind 60
mimimika posts big blind 120
Dealt to manggy94 [6d 5c]
*** PRE-FLOP *** 
lanarguich calls 120
michmuch029 folds
omu01 folds
bvda calls 120
manggy94 folds
kotori.78 calls 120
kiki6295018 calls 60
mimimika folds
*** FLOP *** [7d As Js]
kiki6295018 checks
lanarguich bets 120
bvda calls 120
kotori.78 calls 120
kiki6295018 folds
*** TURN *** [7d As Js][3d]
lanarguich bets 300
bvda raises 300 to 600
kotori.78 folds
lanarguich raises 1080 to 1680
bvda raises 900 to 2580 and is all-in
lanarguich calls 900
*** RIVER *** [7d As Js 3d][6s]
*** SHOW DOWN ***
bvda shows [Ah 9c] (One pair : Aces)
lanarguich shows [Jh Jd] (Trips of Jacks)
lanarguich collected 6120 from pot
*** SUMMARY ***
Total pot 6120 | No rake
Board: [7d As Js 3d 6s]
Seat 1: lanarguich showed [Jh Jd] and won 6120 with Trips of Jacks
Seat 4: bvda showed [Ah 9c] and lost with One pair : Aces


Winamax Poker - Tournament "Freeroll" buyIn: 0€ + 0€ level: 6 - HandId: #694258463848530302-15-1467040702 - Holdem no limit (60/120) - 2016/06/27 15:18:22 UTC
Table: 'Freeroll(161644645)#381' 8-max (real money) Seat #7 is the button
Seat 1: lanarguich (12275)
Seat 2: michmuch029 (9545)
Seat 3: omu01 (2840)
Seat 5: manggy94 (2620)
Seat 6: kotori.78 (3090)
Seat 7: kiki6295018 (2670)
Seat 8: mimimika (2780)
*** ANTE/BLINDS ***
mimimika posts small blind 60
lanarguich posts big blind 120
Dealt to manggy94 [Kc 7c]
*** PRE-FLOP *** 
michmuch029 folds
omu01 folds
manggy94 calls 120
kotori.78 calls 120
kiki6295018 raises 120 to 240
mimimika folds
lanarguich calls 120
manggy94 calls 120
kotori.78 calls 120
*** FLOP *** [Tc 2h Jd]
lanarguich checks
manggy94 checks
kotori.78 checks
kiki6295018 checks
*** TURN *** [Tc 2h Jd][Ac]
lanarguich checks
manggy94 checks
kotori.78 checks
kiki6295018 checks
*** RIVER *** [Tc 2h Jd Ac][9c]
lanarguich folds
manggy94 bets 510
kotori.78 calls 510
kiki6295018 calls 510
*** SHOW DOWN ***
kotori.78 shows [6c Qc] (Flush Ace high)
kiki6295018 shows [8d Qd] (Straight Queen high)
manggy94 shows [Kc 7c] (Flush Ace high)
manggy94 collected 2550 from pot
*** SUMMARY ***
Total pot 2550 | No rake
Board: [Tc 2h Jd Ac 9c]
Seat 5: manggy94 showed [Kc 7c] and won 2550 with Flush Ace high
Seat 6: kotori.78 showed [6c Qc] and lost with Flush Ace high
Seat 7: kiki6295018 (button) showed [8d Qd] and lost with Straight Queen high


Winamax Poker - Tournament "Freeroll" buyIn: 0€ + 0€ level: 7 - HandId: #694258463848530089-18-1467040798 - Holdem no limit (10/60/120) - 2016/06/27 15:19:58 UTC
Table: 'Freeroll(161644645)#168' 8-max (real money) Seat #4 is the button
Seat 1: Starlion60 (2690)
Seat 2: joss (2780)
Seat 3: BARBARADU33 (19680)
Seat 4: blutch76 (2650)
Seat 5: gazidaniel (2700)
Seat 6: Freyja677 (2780)
Seat 7: tim800 (2720)
Seat 8: manggy94 (4420)
*** ANTE/BLINDS ***
gazidaniel posts ante 10
Freyja677 posts ante 10
Starlion60 posts ante 10
joss posts ante 10
BARBARADU33 posts ante 10
blutch76 posts ante 10
tim800 posts ante 10
manggy94 posts ante 10
gazidaniel posts small blind 60
Freyja677 posts big blind 120
Dealt to manggy94 [3d 5h]
*** PRE-FLOP *** 
tim800 folds
manggy94 folds
Starlion60 folds
joss folds
BARBARADU33 calls 120
blutch76 folds
gazidaniel folds
Freyja677 checks
*** FLOP *** [Kc 7s 2d]
Freyja677 checks
BARBARADU33 checks
*** TURN *** [Kc 7s 2d][8c]
Freyja677 checks
BARBARADU33 checks
*** RIVER *** [Kc 7s 2d 8c][6h]
Freyja677 bets 380
BARBARADU33 folds
Freyja677 shows [6c Kh] (Two pairs : Kings and 6)
Freyja677 collected 760 from pot
*** SUMMARY ***
Total pot 760 | No rake
Board: [Kc 7s 2d 8c 6h]
Seat 6: Freyja677 (big blind) showed [6c Kh] and won 760 with Two pairs : Kings and 6


Winamax Poker - Tournament "Freeroll" buyIn: 0€ + 0€ level: 7 - HandId: #694258463848530089-19-1467040824 - Holdem no limit (10/60/120) - 2016/06/27 15:20:24 UTC
Table: 'Freeroll(161644645)#168' 8-max (real money) Seat #5 is the button
Seat 1: Starlion60 (2680)
Seat 2: joss (2770)
Seat 3: BARBARADU33 (19550)
Seat 4: blutch76 (2640)
Seat 5: gazidaniel (2630)
Seat 6: Freyja677 (3030)
Seat 7: tim800 (2710)
Seat 8: manggy94 (4410)
*** ANTE/BLINDS ***
Freyja677 posts ante 10
tim800 posts ante 10
Starlion60 posts ante 10
joss posts ante 10
BARBARADU33 posts ante 10
blutch76 posts ante 10
gazidaniel posts ante 10
manggy94 posts ante 10
Freyja677 posts small blind 60
tim800 posts big blind 120
Dealt to manggy94 [2d 9s]
*** PRE-FLOP *** 
manggy94 folds
Starlion60 folds
joss folds
BARBARADU33 calls 120
blutch76 folds
gazidaniel folds
Freyja677 calls 60
tim800 folds
*** FLOP *** [3d Ts 8h]
Freyja677 checks
BARBARADU33 bets 240
Freyja677 folds
BARBARADU33 collected 680 from pot
*** SUMMARY ***
Total pot 680 | No rake
Board: [3d Ts 8h]
Seat 3: BARBARADU33 won 680


Winamax Poker - Tournament "Freeroll" buyIn: 0€ + 0€ level: 7 - HandId: #694258463848530089-20-1467040844 - Holdem no limit (10/60/120) - 2016/06/27 15:20:44 UTC
Table: 'Freeroll(161644645)#168' 8-max (real money) Seat #6 is the button
Seat 1: Starlion60 (2670)
Seat 2: joss (2760)
Seat 3: BARBARADU33 (19860)
Seat 4: blutch76 (2630)
Seat 5: gazidaniel (2620)
Seat 6: Freyja677 (2900)
Seat 7: tim800 (2580)
Seat 8: manggy94 (4400)
*** ANTE/BLINDS ***
tim800 posts ante 10
manggy94 posts ante 10
Starlion60 posts ante 10
joss posts ante 10
BARBARADU33 posts ante 10
blutch76 posts ante 10
gazidaniel posts ante 10
Freyja677 posts ante 10
tim800 posts small blind 60
manggy94 posts big blind 120
Dealt to manggy94 [Kh 5d]
*** PRE-FLOP *** 
Starlion60 folds
joss folds
BARBARADU33 calls 120
blutch76 folds
gazidaniel folds
Freyja677 folds
tim800 folds
manggy94 checks
*** FLOP *** [7d 6s Tc]
manggy94 bets 120
BARBARADU33 raises 620 to 740
manggy94 folds
BARBARADU33 collected 1240 from pot
*** SUMMARY ***
Total pot 1240 | No rake
Board: [7d 6s Tc]
Seat 3: BARBARADU33 won 1240


Winamax Poker - Tournament "Freeroll" buyIn: 0€ + 0€ level: 7 - HandId: #694258463848530089-21-1467040862 - Holdem no limit (10/60/120) - 2016/06/27 15:21:02 UTC
Table: 'Freeroll(161644645)#168' 8-max (real money) Seat #7 is the button
Seat 1: Starlion60 (2660)
Seat 2: joss (2750)
Seat 3: BARBARADU33 (20230)
Seat 4: blutch76 (2620)
Seat 5: gazidaniel (2610)
Seat 6: Freyja677 (2890)
Seat 7: tim800 (2510)
Seat 8: manggy94 (4150)
*** ANTE/BLINDS ***
manggy94 posts ante 10
Starlion60 posts ante 10
joss posts ante 10
BARBARADU33 posts ante 10
blutch76 posts ante 10
gazidaniel posts ante 10
Freyja677 posts ante 10
tim800 posts ante 10
manggy94 posts small blind 60
Starlion60 posts big blind 120
Dealt to manggy94 [Qd Jh]
*** PRE-FLOP *** 
joss folds
BARBARADU33 folds
blutch76 folds
gazidaniel folds
Freyja677 calls 120
tim800 folds
manggy94 calls 60
Starlion60 folds
*** FLOP *** [8c Kh 3h]
manggy94 checks
Freyja677 checks
*** TURN *** [8c Kh 3h][7h]
manggy94 bets 120
Freyja677 folds
manggy94 collected 560 from pot
*** SUMMARY ***
Total pot 560 | No rake
Board: [8c Kh 3h 7h]
Seat 8: manggy94 (small blind) won 560


Winamax Poker - Tournament "Freeroll" buyIn: 0€ + 0€ level: 7 - HandId: #694258463848530089-22-1467040882 - Holdem no limit (10/60/120) - 2016/06/27 15:21:22 UTC
Table: 'Freeroll(161644645)#168' 8-max (real money) Seat #8 is the button
Seat 1: Starlion60 (2530)
Seat 2: joss (2740)
Seat 3: BARBARADU33 (20220)
Seat 4: blutch76 (2610)
Seat 5: gazidaniel (2600)
Seat 6: Freyja677 (2760)
Seat 7: tim800 (2500)
Seat 8: manggy94 (4460)
*** ANTE/BLINDS ***
Starlion60 posts ante 10
joss posts ante 10
BARBARADU33 posts ante 10
blutch76 posts ante 10
gazidaniel posts ante 10
Freyja677 posts ante 10
tim800 posts ante 10
manggy94 posts ante 10
Starlion60 posts small blind 60
joss posts big blind 120
Dealt to manggy94 [Ts Kc]
*** PRE-FLOP *** 
BARBARADU33 folds
blutch76 folds
gazidaniel folds
Freyja677 calls 120
tim800 folds
manggy94 calls 120
Starlion60 folds
joss folds
*** FLOP *** [Qd 6s 7s]
Freyja677 checks
manggy94 checks
*** TURN *** [Qd 6s 7s][Kd]
Freyja677 checks
manggy94 bets 120
Freyja677 raises 300 to 420
manggy94 calls 300
*** RIVER *** [Qd 6s 7s Kd][5h]
Freyja677 bets 1340
manggy94 calls 1340
*** SHOW DOWN ***
manggy94 shows [Ts Kc] (One pair : Kings)
Freyja677 shows [Ks 5c] (Two pairs : Kings and 5)
Freyja677 collected 4020 from pot
*** SUMMARY ***
Total pot 4020 | No rake
Board: [Qd 6s 7s Kd 5h]
Seat 6: Freyja677 showed [Ks 5c] and won 4020 with Two pairs : Kings and 5
Seat 8: manggy94 (button) showed [Ts Kc] and lost with One pair : Kings


Winamax Poker - Tournament "Freeroll" buyIn: 0€ + 0€ level: 8 - HandId: #694258463848530089-23-1467040918 - Holdem no limit (15/75/150) - 2016/06/27 15:21:58 UTC
Table: 'Freeroll(161644645)#168' 8-max (real money) Seat #1 is the button
Seat 1: Starlion60 (2460)
Seat 2: joss (2610)
Seat 3: BARBARADU33 (20210)
Seat 4: blutch76 (2600)
Seat 5: gazidaniel (2590)
Seat 6: Freyja677 (4890)
Seat 7: tim800 (2490)
Seat 8: manggy94 (2570)
*** ANTE/BLINDS ***
joss posts ante 15
BARBARADU33 posts ante 15
Starlion60 posts ante 15
blutch76 posts ante 15
gazidaniel posts ante 15
Freyja677 posts ante 15
tim800 posts ante 15
manggy94 posts ante 15
joss posts small blind 75
BARBARADU33 posts big blind 150
Dealt to manggy94 [2h Ah]
*** PRE-FLOP *** 
blutch76 folds
gazidaniel folds
Freyja677 folds
tim800 folds
manggy94 raises 150 to 300
Starlion60 folds
joss folds
BARBARADU33 calls 150
*** FLOP *** [3d 8s Js]
BARBARADU33 checks
manggy94 bets 398
BARBARADU33 raises 1591 to 1989
manggy94 calls 1591
*** TURN *** [3d 8s Js][6h]
BARBARADU33 bets 225
manggy94 calls 225
*** RIVER *** [3d 8s Js 6h][4c]
BARBARADU33 bets 150
manggy94 calls 41 and is all-in
*** SHOW DOWN ***
manggy94 shows [2h Ah] (High card : Ace)
BARBARADU33 shows [7s 7d] (One pair : 7)
BARBARADU33 collected 5414 from pot
*** SUMMARY ***
Total pot 5414 | No rake
Board: [3d 8s Js 6h 4c]
Seat 3: BARBARADU33 (big blind) showed [7s 7d] and won 5414 with One pair : 7
Seat 8: manggy94 showed [2h Ah] and lost with High card : Ace


