Winamax Poker - Tournament "Freeroll" buyIn: 0€ + 0€ level: 1 - HandId: #699863868616212643-1-1468076426 - Holdem no limit (10/20) - 2016/07/09 15:00:26 UTC
Table: 'Freeroll(162949755)#162' 8-max (real money) Seat #4 is the button
Seat 1: ZOOM42 (3000)
Seat 2: nounou 29 (3000)
Seat 3: Trakatero (3000)
Seat 4: Mat0474 (3000)
Seat 5: Coniaud (3000)
Seat 6: Krimix7 (3000)
Seat 7: Philippe538 (3000)
Seat 8: manggy94 (3000)
*** ANTE/BLINDS ***
Coniaud posts small blind 10
Krimix7 posts big blind 20
Dealt to manggy94 [Jh Ts]
*** PRE-FLOP *** 
Philippe538 calls 20
manggy94 calls 20
ZOOM42 calls 20
nounou 29 folds
Trakatero folds
Mat0474 folds
Coniaud calls 10
Krimix7 folds
*** FLOP *** [Qs 4c Td]
Coniaud checks
Philippe538 checks
manggy94 checks
ZOOM42 checks
*** TURN *** [Qs 4c Td][9s]
Coniaud bets 50
Philippe538 raises 79 to 129
manggy94 folds
ZOOM42 calls 129
Coniaud calls 79
*** RIVER *** [Qs 4c Td 9s][5d]
Coniaud checks
Philippe538 checks
ZOOM42 checks
*** SHOW DOWN ***
ZOOM42 shows [5s Kh] (One pair : 5)
Philippe538 shows [7c 8s] (High card : Queen)
Coniaud shows [As Tc] (One pair : Tens)
Coniaud collected 487 from pot
*** SUMMARY ***
Total pot 487 | No rake
Board: [Qs 4c Td 9s 5d]
Seat 1: ZOOM42 showed [5s Kh] and lost with One pair : 5
Seat 5: Coniaud (small blind) showed [As Tc] and won 487 with One pair : Tens
Seat 7: Philippe538 showed [7c 8s] and lost with High card : Queen


Winamax Poker - Tournament "Freeroll" buyIn: 0€ + 0€ level: 3 - HandId: #699863868616212643-2-1468076898 - Holdem no limit (20/40) - 2016/07/09 15:08:18 UTC
Table: 'Freeroll(162949755)#162' 8-max (real money) Seat #5 is the button
Seat 1: ZOOM42 (2851)
Seat 2: nounou 29 (3000)
Seat 3: Trakatero (3000)
Seat 4: Mat0474 (3000)
Seat 5: Coniaud (3338)
Seat 6: Krimix7 (2980)
Seat 7: Philippe538 (2851)
Seat 8: manggy94 (2980)
*** ANTE/BLINDS ***
Krimix7 posts small blind 20
Philippe538 posts big blind 40
Dealt to manggy94 [Js Qd]
*** PRE-FLOP *** 
manggy94 calls 40
ZOOM42 calls 40
nounou 29 folds
Trakatero folds
Mat0474 calls 40
Coniaud folds
Krimix7 folds
Philippe538 raises 40 to 80
manggy94 calls 40
ZOOM42 calls 40
Mat0474 calls 40
*** FLOP *** [3h 5s 7s]
Philippe538 bets 103
manggy94 folds
ZOOM42 calls 103
Mat0474 calls 103
*** TURN *** [3h 5s 7s][8h]
Philippe538 bets 191
ZOOM42 folds
Mat0474 folds
Philippe538 collected 840 from pot
*** SUMMARY ***
Total pot 840 | No rake
Board: [3h 5s 7s 8h]
Seat 7: Philippe538 (big blind) won 840


Winamax Poker - Tournament "Freeroll" buyIn: 0€ + 0€ level: 4 - HandId: #699863868616212643-3-1468077010 - Holdem no limit (30/60) - 2016/07/09 15:10:10 UTC
Table: 'Freeroll(162949755)#162' 8-max (real money) Seat #6 is the button
Seat 1: ZOOM42 (2668)
Seat 2: nounou 29 (3000)
Seat 3: Trakatero (3000)
Seat 4: Mat0474 (2817)
Seat 5: Coniaud (3338)
Seat 6: Krimix7 (2960)
Seat 7: Philippe538 (3317)
Seat 8: manggy94 (2900)
*** ANTE/BLINDS ***
Philippe538 posts small blind 30
manggy94 posts big blind 60
Dealt to manggy94 [Qd 9d]
*** PRE-FLOP *** 
ZOOM42 calls 60
nounou 29 folds
Trakatero folds
Mat0474 calls 60
Coniaud raises 60 to 120
Krimix7 folds
Philippe538 raises 60 to 180
manggy94 calls 120
ZOOM42 calls 120
Mat0474 folds
Coniaud raises 60 to 240
Philippe538 calls 60
manggy94 calls 60
ZOOM42 calls 60
*** FLOP *** [Ts 9s 4s]
Philippe538 bets 300
manggy94 folds
ZOOM42 raises 2128 to 2428 and is all-in
Coniaud folds
Philippe538 raises 649 to 3077 and is all-in
*** TURN *** [Ts 9s 4s][Qc]
*** RIVER *** [Ts 9s 4s Qc][Js]
*** SHOW DOWN ***
ZOOM42 shows [Qs 8d] (Flush Queen high)
Philippe538 shows [7s Ks] (Flush King high)
Philippe538 collected 6525 from pot
*** SUMMARY ***
Total pot 6525 | No rake
Board: [Ts 9s 4s Qc Js]
Seat 1: ZOOM42 showed [Qs 8d] and lost with Flush Queen high
Seat 7: Philippe538 (small blind) showed [7s Ks] and won 6525 with Flush King high


Winamax Poker - Tournament "Freeroll" buyIn: 0€ + 0€ level: 5 - HandId: #699863868616212643-4-1468077155 - Holdem no limit (40/80) - 2016/07/09 15:12:35 UTC
Table: 'Freeroll(162949755)#162' 8-max (real money) Seat #7 is the button
Seat 2: nounou 29 (3000)
Seat 3: Trakatero (3000)
Seat 4: Mat0474 (2757)
Seat 5: Coniaud (3098)
Seat 6: Krimix7 (2960)
Seat 7: Philippe538 (6525)
Seat 8: manggy94 (2660)
*** ANTE/BLINDS ***
manggy94 posts small blind 40
nounou 29 posts big blind 80
Dealt to manggy94 [4h 8d]
*** PRE-FLOP *** 
Trakatero folds
Mat0474 calls 80
Coniaud folds
Krimix7 folds
Philippe538 calls 80
manggy94 folds
nounou 29 folds
*** FLOP *** [8c 7c 5d]
Mat0474 checks
Philippe538 bets 120
Mat0474 calls 120
*** TURN *** [8c 7c 5d][4c]
Mat0474 bets 520
Philippe538 folds
Mat0474 collected 1040 from pot
*** SUMMARY ***
Total pot 1040 | No rake
Board: [8c 7c 5d 4c]
Seat 4: Mat0474 won 1040


Winamax Poker - Tournament "Freeroll" buyIn: 0€ + 0€ level: 5 - HandId: #699863868616212643-5-1468077260 - Holdem no limit (40/80) - 2016/07/09 15:14:20 UTC
Table: 'Freeroll(162949755)#162' 8-max (real money) Seat #8 is the button
Seat 1: matc1983 (3000)
Seat 2: nounou 29 (2920)
Seat 3: Trakatero (3000)
Seat 4: Mat0474 (3077)
Seat 5: Coniaud (3098)
Seat 6: Krimix7 (2960)
Seat 7: Philippe538 (6325)
Seat 8: manggy94 (2620)
*** ANTE/BLINDS ***
nounou 29 posts small blind 40
Trakatero posts big blind 80
Dealt to manggy94 [Th 3c]
*** PRE-FLOP *** 
Mat0474 calls 80
Coniaud folds
Krimix7 folds
Philippe538 calls 80
manggy94 folds
nounou 29 folds
Trakatero checks
*** FLOP *** [9c 4c Qd]
Trakatero bets 80
Mat0474 calls 80
Philippe538 raises 80 to 160
Trakatero calls 80
Mat0474 calls 80
*** TURN *** [9c 4c Qd][9s]
Trakatero bets 80
Mat0474 calls 80
Philippe538 calls 80
*** RIVER *** [9c 4c Qd 9s][Qh]
Trakatero bets 500
Mat0474 raises 2257 to 2757 and is all-in
Philippe538 folds
Trakatero folds
Mat0474 collected 4257 from pot
*** SUMMARY ***
Total pot 4257 | No rake
Board: [9c 4c Qd 9s Qh]
Seat 4: Mat0474 won 4257


Winamax Poker - Tournament "Freeroll" buyIn: 0€ + 0€ level: 6 - HandId: #699863868616212643-6-1468077380 - Holdem no limit (60/120) - 2016/07/09 15:16:20 UTC
Table: 'Freeroll(162949755)#162' 8-max (real money) Seat #2 is the button
Seat 1: matc1983 (3000)
Seat 2: nounou 29 (2880)
Seat 3: Trakatero (2180)
Seat 4: Mat0474 (4257)
Seat 5: Coniaud (3098)
Seat 6: Krimix7 (2960)
Seat 7: Philippe538 (6005)
Seat 8: manggy94 (2620)
*** ANTE/BLINDS ***
Trakatero posts small blind 60
Mat0474 posts big blind 120
Dealt to manggy94 [7d 7s]
*** PRE-FLOP *** 
Coniaud folds
Krimix7 folds
Philippe538 raises 120 to 240
manggy94 calls 240
matc1983 calls 240
nounou 29 folds
Trakatero raises 1080 to 1320
Mat0474 folds
Philippe538 calls 1080
manggy94 folds
matc1983 calls 1080
*** FLOP *** [7c 8s 7h]
Trakatero bets 860 and is all-in
Philippe538 raises 860 to 1720
matc1983 calls 1680 and is all-in
*** TURN *** [7c 8s 7h][5d]
*** RIVER *** [7c 8s 7h 5d][As]
*** SHOW DOWN ***
matc1983 shows [Js Ks] (One pair : 7)
Trakatero shows [Ac 3s] (Two pairs : Aces and 7)
Philippe538 shows [8d Ah] (Two pairs : Aces and 8)
Philippe538 collected 8580 from pot
*** SUMMARY ***
Total pot 8580 | No rake
Board: [7c 8s 7h 5d As]
Seat 1: matc1983 showed [Js Ks] and lost with One pair : 7
Seat 3: Trakatero (small blind) showed [Ac 3s] and lost with Two pairs : Aces and 7
Seat 7: Philippe538 showed [8d Ah] and won 8580 with Two pairs : Aces and 8


Winamax Poker - Tournament "Freeroll" buyIn: 0€ + 0€ level: 7 - HandId: #699863868616212643-7-1468077512 - Holdem no limit (10/60/120) - 2016/07/09 15:18:32 UTC
Table: 'Freeroll(162949755)#162' 8-max (real money) Seat #3 is the button
Seat 2: nounou 29 (2880)
Seat 4: Mat0474 (4137)
Seat 5: Coniaud (3098)
Seat 6: Krimix7 (2960)
Seat 7: Philippe538 (11545)
Seat 8: manggy94 (2380)
*** ANTE/BLINDS ***
Mat0474 posts ante 10
Coniaud posts ante 10
nounou 29 posts ante 10
Krimix7 posts ante 10
Philippe538 posts ante 10
manggy94 posts ante 10
Mat0474 posts small blind 60
Coniaud posts big blind 120
Dealt to manggy94 [8s 4s]
*** PRE-FLOP *** 
Krimix7 folds
Philippe538 calls 120
manggy94 folds
nounou 29 folds
Mat0474 calls 60
Coniaud checks
*** FLOP *** [7d Qs 7s]
Mat0474 checks
Coniaud checks
Philippe538 checks
*** TURN *** [7d Qs 7s][Ac]
Mat0474 checks
Coniaud checks
Philippe538 checks
*** RIVER *** [7d Qs 7s Ac][4h]
Mat0474 checks
Coniaud checks
Philippe538 checks
*** SHOW DOWN ***
Mat0474 shows [3d 2c] (One pair : 7)
Philippe538 shows [5h 9s] (One pair : 7)
Coniaud shows [5c 5s] (Two pairs : 7 and 5)
Coniaud collected 420 from pot
*** SUMMARY ***
Total pot 420 | No rake
Board: [7d Qs 7s Ac 4h]
Seat 4: Mat0474 (small blind) showed [3d 2c] and lost with One pair : 7
Seat 5: Coniaud (big blind) showed [5c 5s] and won 420 with Two pairs : 7 and 5
Seat 7: Philippe538 showed [5h 9s] and lost with One pair : 7


Winamax Poker - Tournament "Freeroll" buyIn: 0€ + 0€ level: 8 - HandId: #699863868616212643-8-1468077683 - Holdem no limit (15/75/150) - 2016/07/09 15:21:23 UTC
Table: 'Freeroll(162949755)#162' 8-max (real money) Seat #4 is the button
Seat 1: OnePushMan (5940)
Seat 2: nounou 29 (2870)
Seat 3: serekoum (3000)
Seat 4: Mat0474 (4007)
Seat 5: Coniaud (3388)
Seat 6: Krimix7 (2950)
Seat 7: Philippe538 (11415)
Seat 8: manggy94 (2370)
*** ANTE/BLINDS ***
Coniaud posts ante 15
Krimix7 posts ante 15
OnePushMan posts ante 15
nounou 29 posts ante 15
serekoum posts ante 15
Mat0474 posts ante 15
Philippe538 posts ante 15
manggy94 posts ante 15
Coniaud posts small blind 75
Krimix7 posts big blind 150
Dealt to manggy94 [Ks 6d]
*** PRE-FLOP *** 
Philippe538 calls 150
manggy94 folds
OnePushMan folds
nounou 29 folds
serekoum calls 150
Mat0474 calls 150
Coniaud folds
Krimix7 folds
*** FLOP *** [2c Tc Jh]
Philippe538 bets 150
serekoum folds
Mat0474 raises 150 to 300
Philippe538 calls 150
*** TURN *** [2c Tc Jh][9h]
Philippe538 bets 300
Mat0474 raises 1050 to 1350
Philippe538 folds
Mat0474 collected 3045 from pot
*** SUMMARY ***
Total pot 3045 | No rake
Board: [2c Tc Jh 9h]
Seat 4: Mat0474 (button) won 3045


Winamax Poker - Tournament "Freeroll" buyIn: 0€ + 0€ level: 8 - HandId: #699863868616212643-9-1468077806 - Holdem no limit (15/75/150) - 2016/07/09 15:23:26 UTC
Table: 'Freeroll(162949755)#162' 8-max (real money) Seat #5 is the button
Seat 1: OnePushMan (5925)
Seat 2: nounou 29 (2855)
Seat 3: serekoum (2835)
Seat 4: Mat0474 (5237)
Seat 5: Coniaud (3298)
Seat 6: Krimix7 (2785)
Seat 7: Philippe538 (10650)
Seat 8: manggy94 (2355)
*** ANTE/BLINDS ***
Krimix7 posts ante 15
Philippe538 posts ante 15
OnePushMan posts ante 15
nounou 29 posts ante 15
serekoum posts ante 15
Mat0474 posts ante 15
Coniaud posts ante 15
manggy94 posts ante 15
Krimix7 posts small blind 75
Philippe538 posts big blind 150
Dealt to manggy94 [Kd 3c]
*** PRE-FLOP *** 
manggy94 folds
OnePushMan folds
nounou 29 folds
serekoum folds
Mat0474 calls 150
Coniaud folds
Krimix7 folds
Philippe538 checks
*** FLOP *** [Ts 5d 9c]
Philippe538 bets 150
Mat0474 calls 150
*** TURN *** [Ts 5d 9c][Th]
Philippe538 bets 300
Mat0474 calls 300
*** RIVER *** [Ts 5d 9c Th][5c]
Philippe538 bets 300
Mat0474 folds
Philippe538 collected 1695 from pot
*** SUMMARY ***
Total pot 1695 | No rake
Board: [Ts 5d 9c Th 5c]
Seat 7: Philippe538 (big blind) won 1695


Winamax Poker - Tournament "Freeroll" buyIn: 0€ + 0€ level: 9 - HandId: #699863868616212643-10-1468077866 - Holdem no limit (20/100/200) - 2016/07/09 15:24:26 UTC
Table: 'Freeroll(162949755)#162' 8-max (real money) Seat #6 is the button
Seat 1: OnePushMan (5910)
Seat 2: nounou 29 (2840)
Seat 3: serekoum (2820)
Seat 4: Mat0474 (4622)
Seat 5: Coniaud (3283)
Seat 6: Krimix7 (2695)
Seat 7: Philippe538 (11430)
Seat 8: manggy94 (2340)
*** ANTE/BLINDS ***
Philippe538 posts ante 20
manggy94 posts ante 20
OnePushMan posts ante 20
nounou 29 posts ante 20
serekoum posts ante 20
Mat0474 posts ante 20
Coniaud posts ante 20
Krimix7 posts ante 20
Philippe538 posts small blind 100
manggy94 posts big blind 200
Dealt to manggy94 [8d 3h]
*** PRE-FLOP *** 
OnePushMan folds
nounou 29 folds
serekoum calls 200
Mat0474 calls 200
Coniaud calls 200
Krimix7 folds
Philippe538 calls 100
manggy94 checks
*** FLOP *** [9s Jd Kd]
Philippe538 bets 200
manggy94 folds
serekoum calls 200
Mat0474 calls 200
Coniaud folds
*** TURN *** [9s Jd Kd][Kc]
Philippe538 bets 400
serekoum calls 400
Mat0474 calls 400
*** RIVER *** [9s Jd Kd Kc][Ad]
Philippe538 folds
serekoum checks
Mat0474 bets 1480
serekoum folds
Mat0474 collected 4440 from pot
*** SUMMARY ***
Total pot 4440 | No rake
Board: [9s Jd Kd Kc Ad]
Seat 4: Mat0474 won 4440


Winamax Poker - Tournament "Freeroll" buyIn: 0€ + 0€ level: 9 - HandId: #699863868616212643-11-1468077980 - Holdem no limit (20/100/200) - 2016/07/09 15:26:20 UTC
Table: 'Freeroll(162949755)#162' 8-max (real money) Seat #7 is the button
Seat 1: OnePushMan (5890)
Seat 2: nounou 29 (2820)
Seat 3: serekoum (2000)
Seat 4: Mat0474 (6762)
Seat 5: Coniaud (3063)
Seat 6: Krimix7 (2675)
Seat 7: Philippe538 (10610)
Seat 8: manggy94 (2120)
*** ANTE/BLINDS ***
manggy94 posts ante 20
OnePushMan posts ante 20
nounou 29 posts ante 20
serekoum posts ante 20
Mat0474 posts ante 20
Coniaud posts ante 20
Krimix7 posts ante 20
Philippe538 posts ante 20
manggy94 posts small blind 100
OnePushMan posts big blind 200
Dealt to manggy94 [Jh Ac]
*** PRE-FLOP *** 
nounou 29 folds
serekoum calls 200
Mat0474 folds
Coniaud folds
Krimix7 folds
Philippe538 calls 200
manggy94 raises 960 to 1160
OnePushMan folds
serekoum folds
Philippe538 calls 960
*** FLOP *** [Jc 5d Td]
manggy94 bets 940 and is all-in
Philippe538 calls 940
*** TURN *** [Jc 5d Td][9d]
*** RIVER *** [Jc 5d Td 9d][8d]
*** SHOW DOWN ***
manggy94 shows [Jh Ac] (One pair : Jacks)
Philippe538 shows [4d Ks] (Flush Ten high)
Philippe538 collected 4760 from pot
*** SUMMARY ***
Total pot 4760 | No rake
Board: [Jc 5d Td 9d 8d]
Seat 7: Philippe538 (button) showed [4d Ks] and won 4760 with Flush Ten high
Seat 8: manggy94 (small blind) showed [Jh Ac] and lost with One pair : Jacks


