Winamax Poker - Tournament "Déglingos" buyIn: 2,70€ + 0,30€ level: 5 - HandId: #654225619143360531-1-1459099925 - Holdem no limit (60/120) - 2016/03/27 17:32:05 UTC
Table: 'Déglingos(152323772)#018' 3-max (real money) Seat #2 is the button
Seat 1: -NasTy- (1110)
Seat 2: Bryce01 (500)
Seat 3: manggy94 (500)
*** ANTE/BLINDS ***
Bryce01 posts small blind 60
-NasTy- posts big blind 120
*** PRE-FLOP *** 
Bryce01 folds
-NasTy- collected 180 from pot
*** SUMMARY ***
Total pot 180 | No rake
Seat 1: -NasTy- (big blind) won 180


Winamax Poker - Tournament "Déglingos" buyIn: 2,70€ + 0,30€ level: 5 - HandId: #654225619143360531-2-1459099934 - Holdem no limit (60/120) - 2016/03/27 17:32:14 UTC
Table: 'Déglingos(152323772)#018' 3-max (real money) Seat #1 is the button
Seat 1: -NasTy- (1170)
Seat 2: Bryce01 (440)
Seat 3: manggy94 (500)
*** ANTE/BLINDS ***
-NasTy- posts small blind 60
Bryce01 posts big blind 120
*** PRE-FLOP *** 
-NasTy- calls 60
Bryce01 raises 320 to 440 and is all-in
-NasTy- calls 320
*** FLOP *** [Jc 5c 6c]
*** TURN *** [Jc 5c 6c][3h]
*** RIVER *** [Jc 5c 6c 3h][3c]
*** SHOW DOWN ***
-NasTy- shows [9c 8c] (Flush Jack high)
Bryce01 shows [Ac 2h] (Flush Ace high)
Bryce01 collected 880 from pot
*** SUMMARY ***
Total pot 880 | No rake
Board: [Jc 5c 6c 3h 3c]
Seat 1: -NasTy- (small blind) (button) showed [9c 8c] and lost with Flush Jack high
Seat 2: Bryce01 (big blind) showed [Ac 2h] and won 880 with Flush Ace high


Winamax Poker - Tournament "Déglingos" buyIn: 2,70€ + 0,30€ level: 5 - HandId: #654225619143360531-3-1459099953 - Holdem no limit (60/120) - 2016/03/27 17:32:33 UTC
Table: 'Déglingos(152323772)#018' 3-max (real money) Seat #1 is the button
Seat 1: -NasTy- (730)
Seat 2: Bryce01 (880)
Seat 3: manggy94 (500)
*** ANTE/BLINDS ***
Bryce01 posts small blind 60
manggy94 posts big blind 120
Dealt to manggy94 [3d 9s]
*** PRE-FLOP *** 
-NasTy- raises 610 to 730 and is all-in
Bryce01 folds
manggy94 folds
-NasTy- collected 910 from pot
*** SUMMARY ***
Total pot 910 | No rake
Seat 1: -NasTy- (button) won 910


Winamax Poker - Tournament "Déglingos" buyIn: 2,70€ + 0,30€ level: 5 - HandId: #654225619143360531-4-1459099961 - Holdem no limit (60/120) - 2016/03/27 17:32:41 UTC
Table: 'Déglingos(152323772)#018' 3-max (real money) Seat #2 is the button
Seat 1: -NasTy- (910)
Seat 2: Bryce01 (820)
Seat 3: manggy94 (380)
*** ANTE/BLINDS ***
manggy94 posts small blind 60
-NasTy- posts big blind 120
Dealt to manggy94 [6h 9c]
*** PRE-FLOP *** 
Bryce01 folds
manggy94 folds
-NasTy- collected 180 from pot
*** SUMMARY ***
Total pot 180 | No rake
Seat 1: -NasTy- (big blind) won 180


Winamax Poker - Tournament "Déglingos" buyIn: 2,70€ + 0,30€ level: 5 - HandId: #654225619143360531-5-1459099967 - Holdem no limit (60/120) - 2016/03/27 17:32:47 UTC
Table: 'Déglingos(152323772)#018' 3-max (real money) Seat #3 is the button
Seat 1: -NasTy- (970)
Seat 2: Bryce01 (820)
Seat 3: manggy94 (320)
*** ANTE/BLINDS ***
-NasTy- posts small blind 60
Bryce01 posts big blind 120
Dealt to manggy94 [Jd Ad]
*** PRE-FLOP *** 
manggy94 raises 200 to 320 and is all-in
-NasTy- folds
Bryce01 calls 200
*** FLOP *** [6s 6d 5d]
*** TURN *** [6s 6d 5d][2h]
*** RIVER *** [6s 6d 5d 2h][Ah]
*** SHOW DOWN ***
Bryce01 shows [8d 4s] (One pair : 6)
manggy94 shows [Jd Ad] (Two pairs : Aces and 6)
manggy94 collected 700 from pot
*** SUMMARY ***
Total pot 700 | No rake
Board: [6s 6d 5d 2h Ah]
Seat 2: Bryce01 (big blind) showed [8d 4s] and lost with One pair : 6
Seat 3: manggy94 (button) showed [Jd Ad] and won 700 with Two pairs : Aces and 6


Winamax Poker - Tournament "Déglingos" buyIn: 2,70€ + 0,30€ level: 6 - HandId: #654225619143360531-6-1459099983 - Holdem no limit (10/60/120) - 2016/03/27 17:33:03 UTC
Table: 'Déglingos(152323772)#018' 3-max (real money) Seat #1 is the button
Seat 1: -NasTy- (910)
Seat 2: Bryce01 (500)
Seat 3: manggy94 (700)
*** ANTE/BLINDS ***
Bryce01 posts ante 10
manggy94 posts ante 10
-NasTy- posts ante 10
Bryce01 posts small blind 60
manggy94 posts big blind 120
Dealt to manggy94 [9s 9d]
*** PRE-FLOP *** 
-NasTy- raises 780 to 900 and is all-in
Bryce01 folds
manggy94 calls 570 and is all-in
*** FLOP *** [Ts 6s 9c]
*** TURN *** [Ts 6s 9c][8h]
*** RIVER *** [Ts 6s 9c 8h][6h]
*** SHOW DOWN ***
manggy94 shows [9s 9d] (Full of 9 and 6)
-NasTy- shows [7c Kc] (Straight Ten high)
-NasTy- collected 210 from side pot 1
manggy94 collected 1470 from main pot
*** SUMMARY ***
Total pot 1680 | No rake
Board: [Ts 6s 9c 8h 6h]
Seat 1: -NasTy- (button) showed [7c Kc] and won 210 with Straight Ten high
Seat 3: manggy94 (big blind) showed [9s 9d] and won 1470 with Full of 9 and 6


Winamax Poker - Tournament "Déglingos" buyIn: 2,70€ + 0,30€ level: 6 - HandId: #654225619143360531-7-1459099999 - Holdem no limit (10/60/120) - 2016/03/27 17:33:19 UTC
Table: 'Déglingos(152323772)#018' 3-max (real money) Seat #2 is the button
Seat 1: -NasTy- (210)
Seat 2: Bryce01 (430)
Seat 3: manggy94 (1470)
*** ANTE/BLINDS ***
manggy94 posts ante 10
-NasTy- posts ante 10
Bryce01 posts ante 10
manggy94 posts small blind 60
-NasTy- posts big blind 120
Dealt to manggy94 [7c 4s]
*** PRE-FLOP *** 
Bryce01 folds
manggy94 folds
-NasTy- collected 210 from pot
*** SUMMARY ***
Total pot 210 | No rake
Seat 1: -NasTy- (big blind) won 210


Winamax Poker - Tournament "Déglingos" buyIn: 2,70€ + 0,30€ level: 6 - HandId: #654225619143360531-8-1459100012 - Holdem no limit (10/60/120) - 2016/03/27 17:33:32 UTC
Table: 'Déglingos(152323772)#018' 3-max (real money) Seat #3 is the button
Seat 1: -NasTy- (290)
Seat 2: Bryce01 (420)
Seat 3: manggy94 (1400)
*** ANTE/BLINDS ***
-NasTy- posts ante 10
Bryce01 posts ante 10
manggy94 posts ante 10
-NasTy- posts small blind 60
Bryce01 posts big blind 120
Dealt to manggy94 [6c Kd]
*** PRE-FLOP *** 
manggy94 calls 120
-NasTy- raises 160 to 280 and is all-in
Bryce01 folds
manggy94 calls 160
*** FLOP *** [Qc 2h Jd]
*** TURN *** [Qc 2h Jd][Qd]
*** RIVER *** [Qc 2h Jd Qd][5h]
*** SHOW DOWN ***
manggy94 shows [6c Kd] (One pair : Queens)
-NasTy- shows [4c As] (One pair : Queens)
-NasTy- collected 710 from pot
*** SUMMARY ***
Total pot 710 | No rake
Board: [Qc 2h Jd Qd 5h]
Seat 1: -NasTy- (small blind) showed [4c As] and won 710 with One pair : Queens
Seat 3: manggy94 (button) showed [6c Kd] and lost with One pair : Queens


Winamax Poker - Tournament "Déglingos" buyIn: 2,70€ + 0,30€ level: 6 - HandId: #654225619143360531-9-1459100032 - Holdem no limit (10/60/120) - 2016/03/27 17:33:52 UTC
Table: 'Déglingos(152323772)#018' 3-max (real money) Seat #1 is the button
Seat 1: -NasTy- (710)
Seat 2: Bryce01 (290)
Seat 3: manggy94 (1110)
*** ANTE/BLINDS ***
Bryce01 posts ante 10
manggy94 posts ante 10
-NasTy- posts ante 10
Bryce01 posts small blind 60
manggy94 posts big blind 120
Dealt to manggy94 [Kc 5c]
*** PRE-FLOP *** 
-NasTy- raises 120 to 240
Bryce01 folds
manggy94 calls 120
*** FLOP *** [Js 8h 7h]
manggy94 checks
-NasTy- bets 460 and is all-in
manggy94 folds
-NasTy- collected 1030 from pot
*** SUMMARY ***
Total pot 1030 | No rake
Board: [Js 8h 7h]
Seat 1: -NasTy- (button) won 1030


Winamax Poker - Tournament "Déglingos" buyIn: 2,70€ + 0,30€ level: 6 - HandId: #654225619143360531-10-1459100048 - Holdem no limit (10/60/120) - 2016/03/27 17:34:08 UTC
Table: 'Déglingos(152323772)#018' 3-max (real money) Seat #2 is the button
Seat 1: -NasTy- (1030)
Seat 2: Bryce01 (220)
Seat 3: manggy94 (860)
*** ANTE/BLINDS ***
manggy94 posts ante 10
-NasTy- posts ante 10
Bryce01 posts ante 10
manggy94 posts small blind 60
-NasTy- posts big blind 120
Dealt to manggy94 [3h Kd]
*** PRE-FLOP *** 
Bryce01 folds
manggy94 calls 60
-NasTy- checks
*** FLOP *** [3d Ac 9s]
manggy94 bets 270
-NasTy- folds
manggy94 collected 540 from pot
*** SUMMARY ***
Total pot 540 | No rake
Board: [3d Ac 9s]
Seat 3: manggy94 (small blind) won 540


Winamax Poker - Tournament "Déglingos" buyIn: 2,70€ + 0,30€ level: 6 - HandId: #654225619143360531-11-1459100066 - Holdem no limit (10/60/120) - 2016/03/27 17:34:26 UTC
Table: 'Déglingos(152323772)#018' 3-max (real money) Seat #3 is the button
Seat 1: -NasTy- (900)
Seat 2: Bryce01 (210)
Seat 3: manggy94 (1000)
*** ANTE/BLINDS ***
-NasTy- posts ante 10
Bryce01 posts ante 10
manggy94 posts ante 10
-NasTy- posts small blind 60
Bryce01 posts big blind 120
Dealt to manggy94 [9d 6c]
*** PRE-FLOP *** 
manggy94 folds
-NasTy- folds
Bryce01 collected 210 from pot
*** SUMMARY ***
Total pot 210 | No rake
Seat 2: Bryce01 (big blind) won 210


Winamax Poker - Tournament "Déglingos" buyIn: 2,70€ + 0,30€ level: 6 - HandId: #654225619143360531-12-1459100072 - Holdem no limit (10/60/120) - 2016/03/27 17:34:32 UTC
Table: 'Déglingos(152323772)#018' 3-max (real money) Seat #1 is the button
Seat 1: -NasTy- (830)
Seat 2: Bryce01 (290)
Seat 3: manggy94 (990)
*** ANTE/BLINDS ***
Bryce01 posts ante 10
manggy94 posts ante 10
-NasTy- posts ante 10
Bryce01 posts small blind 60
manggy94 posts big blind 120
Dealt to manggy94 [2s Qs]
*** PRE-FLOP *** 
-NasTy- folds
Bryce01 folds
manggy94 collected 210 from pot
*** SUMMARY ***
Total pot 210 | No rake
Seat 3: manggy94 (big blind) won 210


Winamax Poker - Tournament "Déglingos" buyIn: 2,70€ + 0,30€ level: 6 - HandId: #654225619143360531-13-1459100077 - Holdem no limit (10/60/120) - 2016/03/27 17:34:37 UTC
Table: 'Déglingos(152323772)#018' 3-max (real money) Seat #2 is the button
Seat 1: -NasTy- (820)
Seat 2: Bryce01 (220)
Seat 3: manggy94 (1070)
*** ANTE/BLINDS ***
manggy94 posts ante 10
-NasTy- posts ante 10
Bryce01 posts ante 10
manggy94 posts small blind 60
-NasTy- posts big blind 120
Dealt to manggy94 [8s Kd]
*** PRE-FLOP *** 
Bryce01 folds
manggy94 calls 60
-NasTy- checks
*** FLOP *** [Jh 2h Td]
manggy94 bets 270
-NasTy- folds
manggy94 collected 540 from pot
*** SUMMARY ***
Total pot 540 | No rake
Board: [Jh 2h Td]
Seat 3: manggy94 (small blind) won 540


Winamax Poker - Tournament "Déglingos" buyIn: 2,70€ + 0,30€ level: 6 - HandId: #654225619143360531-14-1459100094 - Holdem no limit (10/60/120) - 2016/03/27 17:34:54 UTC
Table: 'Déglingos(152323772)#018' 3-max (real money) Seat #3 is the button
Seat 1: -NasTy- (690)
Seat 2: Bryce01 (210)
Seat 3: manggy94 (1210)
*** ANTE/BLINDS ***
-NasTy- posts ante 10
Bryce01 posts ante 10
manggy94 posts ante 10
-NasTy- posts small blind 60
Bryce01 posts big blind 120
Dealt to manggy94 [9s 2c]
*** PRE-FLOP *** 
manggy94 folds
-NasTy- folds
Bryce01 collected 210 from pot
*** SUMMARY ***
Total pot 210 | No rake
Seat 2: Bryce01 (big blind) won 210


Winamax Poker - Tournament "Déglingos" buyIn: 2,70€ + 0,30€ level: 6 - HandId: #654225619143360531-15-1459100101 - Holdem no limit (10/60/120) - 2016/03/27 17:35:01 UTC
Table: 'Déglingos(152323772)#018' 3-max (real money) Seat #1 is the button
Seat 1: -NasTy- (620)
Seat 2: Bryce01 (290)
Seat 3: manggy94 (1200)
*** ANTE/BLINDS ***
Bryce01 posts ante 10
manggy94 posts ante 10
-NasTy- posts ante 10
Bryce01 posts small blind 60
manggy94 posts big blind 120
Dealt to manggy94 [Kh 5c]
*** PRE-FLOP *** 
-NasTy- raises 490 to 610 and is all-in
Bryce01 calls 220 and is all-in
manggy94 folds
*** FLOP *** [9h 7c 5h]
*** TURN *** [9h 7c 5h][Qh]
*** RIVER *** [9h 7c 5h Qh][8c]
*** SHOW DOWN ***
Bryce01 shows [As 8h] (One pair : 8)
-NasTy- shows [8d Ac] (One pair : 8)
-NasTy- collected 685 from side pot 1
Bryce01 collected 355 from main pot
*** SUMMARY ***
Total pot 1040 | No rake
Board: [9h 7c 5h Qh 8c]
Seat 1: -NasTy- (button) showed [8d Ac] and won 685 with One pair : 8
Seat 2: Bryce01 (small blind) showed [As 8h] and won 355 with One pair : 8


Winamax Poker - Tournament "Déglingos" buyIn: 2,70€ + 0,30€ level: 6 - HandId: #654225619143360531-16-1459100120 - Holdem no limit (10/60/120) - 2016/03/27 17:35:20 UTC
Table: 'Déglingos(152323772)#018' 3-max (real money) Seat #2 is the button
Seat 1: -NasTy- (685)
Seat 2: Bryce01 (355)
Seat 3: manggy94 (1070)
*** ANTE/BLINDS ***
manggy94 posts ante 10
-NasTy- posts ante 10
Bryce01 posts ante 10
manggy94 posts small blind 60
-NasTy- posts big blind 120
Dealt to manggy94 [Ks 6c]
*** PRE-FLOP *** 
Bryce01 folds
manggy94 calls 60
-NasTy- raises 555 to 675 and is all-in
manggy94 calls 555
*** FLOP *** [7h 4d 5h]
*** TURN *** [7h 4d 5h][Ts]
*** RIVER *** [7h 4d 5h Ts][Kd]
*** SHOW DOWN ***
-NasTy- shows [Jc 9h] (High card : King)
manggy94 shows [Ks 6c] (One pair : Kings)
manggy94 collected 1380 from pot
*** SUMMARY ***
Total pot 1380 | No rake
Board: [7h 4d 5h Ts Kd]
Seat 1: -NasTy- (big blind) showed [Jc 9h] and lost with High card : King
Seat 3: manggy94 (small blind) showed [Ks 6c] and won 1380 with One pair : Kings


Winamax Poker - Tournament "Déglingos" buyIn: 2,70€ + 0,30€ level: 6 - HandId: #654225619143360517-79-1459100157 - Holdem no limit (10/60/120) - 2016/03/27 17:35:57 UTC
Table: 'Déglingos(152323772)#004' 3-max (real money) Seat #3 is the button
Seat 1: LeHooobbit (2354)
Seat 2: manggy94 (1765)
Seat 3: Vietou (1420)
*** ANTE/BLINDS ***
Vietou posts ante 10
LeHooobbit posts ante 10
Vietou posts small blind 60
LeHooobbit posts big blind 120
*** PRE-FLOP *** 
Vietou folds
LeHooobbit collected 200 from pot
*** SUMMARY ***
Total pot 200 | No rake
Seat 1: LeHooobbit (big blind) won 200


Winamax Poker - Tournament "Déglingos" buyIn: 2,70€ + 0,30€ level: 7 - HandId: #654225619143360517-80-1459100165 - Holdem no limit (15/75/150) - 2016/03/27 17:36:05 UTC
Table: 'Déglingos(152323772)#004' 3-max (real money) Seat #3 is the button
Seat 1: LeHooobbit (2424)
Seat 2: manggy94 (1765)
Seat 3: Vietou (1350)
*** ANTE/BLINDS ***
LeHooobbit posts ante 15
manggy94 posts ante 15
Vietou posts ante 15
LeHooobbit posts small blind 75
manggy94 posts big blind 150
Dealt to manggy94 [4h 3c]
*** PRE-FLOP *** 
Vietou raises 1185 to 1335 and is all-in
LeHooobbit folds
manggy94 folds
Vietou collected 1605 from pot
*** SUMMARY ***
Total pot 1605 | No rake
Seat 3: Vietou (button) won 1605


Winamax Poker - Tournament "Déglingos" buyIn: 2,70€ + 0,30€ level: 7 - HandId: #654225619143360517-81-1459100183 - Holdem no limit (15/75/150) - 2016/03/27 17:36:23 UTC
Table: 'Déglingos(152323772)#004' 3-max (real money) Seat #1 is the button
Seat 1: LeHooobbit (2334)
Seat 2: manggy94 (1600)
Seat 3: Vietou (1605)
*** ANTE/BLINDS ***
manggy94 posts ante 15
Vietou posts ante 15
LeHooobbit posts ante 15
manggy94 posts small blind 75
Vietou posts big blind 150
Dealt to manggy94 [7h 3s]
*** PRE-FLOP *** 
LeHooobbit folds
manggy94 folds
Vietou collected 270 from pot
*** SUMMARY ***
Total pot 270 | No rake
Seat 3: Vietou (big blind) won 270


Winamax Poker - Tournament "Déglingos" buyIn: 2,70€ + 0,30€ level: 7 - HandId: #654225619143360517-82-1459100194 - Holdem no limit (15/75/150) - 2016/03/27 17:36:34 UTC
Table: 'Déglingos(152323772)#004' 3-max (real money) Seat #2 is the button
Seat 1: LeHooobbit (2319)
Seat 2: manggy94 (1510)
Seat 3: Vietou (1710)
*** ANTE/BLINDS ***
Vietou posts ante 15
LeHooobbit posts ante 15
manggy94 posts ante 15
Vietou posts small blind 75
LeHooobbit posts big blind 150
Dealt to manggy94 [Kd 4d]
*** PRE-FLOP *** 
manggy94 raises 150 to 300
Vietou folds
LeHooobbit folds
manggy94 collected 570 from pot
*** SUMMARY ***
Total pot 570 | No rake
Seat 2: manggy94 (button) won 570


Winamax Poker - Tournament "Déglingos" buyIn: 2,70€ + 0,30€ level: 7 - HandId: #654225619143360533-1-1459100211 - Holdem no limit (15/75/150) - 2016/03/27 17:36:51 UTC
Table: 'Déglingos(152323772)#020' 3-max (real money) Seat #3 is the button
Seat 2: manggy94 (1765)
Seat 3: rebelle12 (500)
*** ANTE/BLINDS ***
rebelle12 posts ante 15
manggy94 posts ante 15
rebelle12 posts small blind 75
manggy94 posts big blind 150
Dealt to manggy94 [Td Qd]
*** PRE-FLOP *** 
rebelle12 calls 75
manggy94 raises 1600 to 1750 and is all-in
rebelle12 calls 335 and is all-in
*** FLOP *** [2d Th 8h]
*** TURN *** [2d Th 8h][6c]
*** RIVER *** [2d Th 8h 6c][Jd]
*** SHOW DOWN ***
rebelle12 shows [Ks 7h] (High card : King)
manggy94 shows [Td Qd] (One pair : Tens)
manggy94 collected 2265 from pot
*** SUMMARY ***
Total pot 2265 | No rake
Board: [2d Th 8h 6c Jd]
Seat 2: manggy94 (big blind) showed [Td Qd] and won 2265 with One pair : Tens
Seat 3: rebelle12 (small blind) (button) showed [Ks 7h] and lost with High card : King


Winamax Poker - Tournament "Déglingos" buyIn: 2,70€ + 0,30€ level: 7 - HandId: #654225619143360516-54-1459100236 - Holdem no limit (15/75/150) - 2016/03/27 17:37:16 UTC
Table: 'Déglingos(152323772)#003' 3-max (real money) Seat #1 is the button
Seat 1: manggy94 (2265)
Seat 2: Miraculum (6400)
*** ANTE/BLINDS ***
manggy94 posts ante 15
Miraculum posts ante 15
manggy94 posts small blind 75
Miraculum posts big blind 150
Dealt to manggy94 [8c Td]
*** PRE-FLOP *** 
manggy94 folds
Miraculum collected 255 from pot
*** SUMMARY ***
Total pot 255 | No rake
Seat 2: Miraculum (big blind) won 255


Winamax Poker - Tournament "Déglingos" buyIn: 2,70€ + 0,30€ level: 7 - HandId: #654225619143360516-55-1459100240 - Holdem no limit (15/75/150) - 2016/03/27 17:37:20 UTC
Table: 'Déglingos(152323772)#003' 3-max (real money) Seat #2 is the button
Seat 1: manggy94 (2175)
Seat 2: Miraculum (6490)
*** ANTE/BLINDS ***
Miraculum posts ante 15
manggy94 posts ante 15
Miraculum posts small blind 75
manggy94 posts big blind 150
Dealt to manggy94 [Kc 3d]
*** PRE-FLOP *** 
Miraculum raises 150 to 300
manggy94 calls 150
*** FLOP *** [Qc Qh Ah]
manggy94 checks
Miraculum bets 180
manggy94 raises 180 to 360
Miraculum folds
manggy94 collected 1170 from pot
*** SUMMARY ***
Total pot 1170 | No rake
Board: [Qc Qh Ah]
Seat 1: manggy94 (big blind) won 1170


Winamax Poker - Tournament "Déglingos" buyIn: 2,70€ + 0,30€ level: 7 - HandId: #654225619143360516-56-1459100266 - Holdem no limit (15/75/150) - 2016/03/27 17:37:46 UTC
Table: 'Déglingos(152323772)#003' 3-max (real money) Seat #1 is the button
Seat 1: manggy94 (2670)
Seat 3: Vietou (1140)
*** ANTE/BLINDS ***
manggy94 posts ante 15
Vietou posts ante 15
manggy94 posts small blind 75
Vietou posts big blind 150
Dealt to manggy94 [5h 2s]
*** PRE-FLOP *** 
manggy94 folds
Vietou collected 255 from pot
*** SUMMARY ***
Total pot 255 | No rake
Seat 3: Vietou (big blind) won 255


Winamax Poker - Tournament "Déglingos" buyIn: 2,70€ + 0,30€ level: 7 - HandId: #654225619143360516-57-1459100270 - Holdem no limit (15/75/150) - 2016/03/27 17:37:50 UTC
Table: 'Déglingos(152323772)#003' 3-max (real money) Seat #3 is the button
Seat 1: manggy94 (2580)
Seat 3: Vietou (1230)
*** ANTE/BLINDS ***
Vietou posts ante 15
manggy94 posts ante 15
Vietou posts small blind 75
manggy94 posts big blind 150
Dealt to manggy94 [4c 2c]
*** PRE-FLOP *** 
Vietou folds
manggy94 collected 255 from pot
*** SUMMARY ***
Total pot 255 | No rake
Seat 1: manggy94 (big blind) won 255


Winamax Poker - Tournament "Déglingos" buyIn: 2,70€ + 0,30€ level: 7 - HandId: #654225619143360516-58-1459100274 - Holdem no limit (15/75/150) - 2016/03/27 17:37:54 UTC
Table: 'Déglingos(152323772)#003' 3-max (real money) Seat #1 is the button
Seat 1: manggy94 (2670)
Seat 3: Vietou (1140)
*** ANTE/BLINDS ***
manggy94 posts ante 15
Vietou posts ante 15
manggy94 posts small blind 75
Vietou posts big blind 150
Dealt to manggy94 [9h 8s]
*** PRE-FLOP *** 
manggy94 raises 150 to 300
Vietou raises 825 to 1125 and is all-in
manggy94 folds
Vietou collected 1455 from pot
*** SUMMARY ***
Total pot 1455 | No rake
Seat 3: Vietou (big blind) won 1455


Winamax Poker - Tournament "Déglingos" buyIn: 2,70€ + 0,30€ level: 7 - HandId: #654225619143360516-59-1459100280 - Holdem no limit (15/75/150) - 2016/03/27 17:38:00 UTC
Table: 'Déglingos(152323772)#003' 3-max (real money) Seat #3 is the button
Seat 1: manggy94 (2355)
Seat 2: joquo13 (335)
Seat 3: Vietou (1455)
*** ANTE/BLINDS ***
Vietou posts ante 15
manggy94 posts ante 15
Vietou posts small blind 75
manggy94 posts big blind 150
Dealt to manggy94 [Kd 7c]
*** PRE-FLOP *** 
Vietou raises 1290 to 1440 and is all-in
manggy94 calls 1290
*** FLOP *** [6d 5h Qh]
*** TURN *** [6d 5h Qh][2c]
*** RIVER *** [6d 5h Qh 2c][Td]
*** SHOW DOWN ***
manggy94 shows [Kd 7c] (High card : King)
Vietou shows [4h Ah] (High card : Ace)
Vietou collected 2910 from pot
*** SUMMARY ***
Total pot 2910 | No rake
Board: [6d 5h Qh 2c Td]
Seat 1: manggy94 (big blind) showed [Kd 7c] and lost with High card : King
Seat 3: Vietou (small blind) (button) showed [4h Ah] and won 2910 with High card : Ace


Winamax Poker - Tournament "Déglingos" buyIn: 2,70€ + 0,30€ level: 7 - HandId: #654225619143360516-60-1459100293 - Holdem no limit (15/75/150) - 2016/03/27 17:38:13 UTC
Table: 'Déglingos(152323772)#003' 3-max (real money) Seat #3 is the button
Seat 1: manggy94 (900)
Seat 2: joquo13 (335)
Seat 3: Vietou (2910)
*** ANTE/BLINDS ***
manggy94 posts ante 15
joquo13 posts ante 15
Vietou posts ante 15
manggy94 posts small blind 75
joquo13 posts big blind 150
Dealt to manggy94 [Jc As]
*** PRE-FLOP *** 
Vietou raises 225 to 375
manggy94 raises 510 to 885 and is all-in
joquo13 calls 170 and is all-in
Vietou calls 510
*** FLOP *** [5d 3d 6h]
*** TURN *** [5d 3d 6h][Js]
*** RIVER *** [5d 3d 6h Js][6s]
*** SHOW DOWN ***
joquo13 shows [5c 8h] (Two pairs : 6 and 5)
Vietou shows [Ks Jd] (Two pairs : Jacks and 6)
manggy94 shows [Jc As] (Two pairs : Jacks and 6)
manggy94 collected 2135 from pot
*** SUMMARY ***
Total pot 2135 | No rake
Board: [5d 3d 6h Js 6s]
Seat 1: manggy94 (small blind) showed [Jc As] and won 2135 with Two pairs : Jacks and 6
Seat 2: joquo13 (big blind) showed [5c 8h] and lost with Two pairs : 6 and 5
Seat 3: Vietou (button) showed [Ks Jd] and lost with Two pairs : Jacks and 6


Winamax Poker - Tournament "Déglingos" buyIn: 2,70€ + 0,30€ level: 7 - HandId: #654225619143360516-61-1459100312 - Holdem no limit (15/75/150) - 2016/03/27 17:38:32 UTC
Table: 'Déglingos(152323772)#003' 3-max (real money) Seat #3 is the button
Seat 1: manggy94 (2135)
Seat 3: Vietou (2010)
*** ANTE/BLINDS ***
Vietou posts ante 15
manggy94 posts ante 15
Vietou posts small blind 75
manggy94 posts big blind 150
Dealt to manggy94 [4c Qs]
*** PRE-FLOP *** 
Vietou calls 75
manggy94 checks
*** FLOP *** [Th 2d 6h]
manggy94 checks
Vietou bets 150
manggy94 folds
Vietou collected 480 from pot
*** SUMMARY ***
Total pot 480 | No rake
Board: [Th 2d 6h]
Seat 3: Vietou (small blind) (button) won 480


Winamax Poker - Tournament "Déglingos" buyIn: 2,70€ + 0,30€ level: 7 - HandId: #654225619143360516-62-1459100321 - Holdem no limit (15/75/150) - 2016/03/27 17:38:41 UTC
Table: 'Déglingos(152323772)#003' 3-max (real money) Seat #1 is the button
Seat 1: manggy94 (1970)
Seat 3: Vietou (2175)
*** ANTE/BLINDS ***
manggy94 posts ante 15
Vietou posts ante 15
manggy94 posts small blind 75
Vietou posts big blind 150
Dealt to manggy94 [Qh Ac]
*** PRE-FLOP *** 
manggy94 raises 300 to 450
Vietou folds
manggy94 collected 630 from pot
*** SUMMARY ***
Total pot 630 | No rake
Seat 1: manggy94 (small blind) (button) won 630


Winamax Poker - Tournament "Déglingos" buyIn: 2,70€ + 0,30€ level: 7 - HandId: #654225619143360516-63-1459100328 - Holdem no limit (15/75/150) - 2016/03/27 17:38:48 UTC
Table: 'Déglingos(152323772)#003' 3-max (real money) Seat #3 is the button
Seat 1: manggy94 (2135)
Seat 3: Vietou (2010)
*** ANTE/BLINDS ***
Vietou posts ante 15
manggy94 posts ante 15
Vietou posts small blind 75
manggy94 posts big blind 150
Dealt to manggy94 [4h 9c]
*** PRE-FLOP *** 
Vietou raises 1845 to 1995 and is all-in
manggy94 folds
Vietou collected 2175 from pot
*** SUMMARY ***
Total pot 2175 | No rake
Seat 3: Vietou (small blind) (button) won 2175


Winamax Poker - Tournament "Déglingos" buyIn: 2,70€ + 0,30€ level: 7 - HandId: #654225619143360516-64-1459100333 - Holdem no limit (15/75/150) - 2016/03/27 17:38:53 UTC
Table: 'Déglingos(152323772)#003' 3-max (real money) Seat #1 is the button
Seat 1: manggy94 (1970)
Seat 3: Vietou (2175)
*** ANTE/BLINDS ***
manggy94 posts ante 15
Vietou posts ante 15
manggy94 posts small blind 75
Vietou posts big blind 150
Dealt to manggy94 [9h 8h]
*** PRE-FLOP *** 
manggy94 calls 75
Vietou raises 2010 to 2160 and is all-in
manggy94 folds
Vietou collected 2340 from pot
*** SUMMARY ***
Total pot 2340 | No rake
Seat 3: Vietou (big blind) won 2340


Winamax Poker - Tournament "Déglingos" buyIn: 2,70€ + 0,30€ level: 7 - HandId: #654225619143360516-65-1459100341 - Holdem no limit (15/75/150) - 2016/03/27 17:39:01 UTC
Table: 'Déglingos(152323772)#003' 3-max (real money) Seat #3 is the button
Seat 1: manggy94 (1805)
Seat 2: AlexMonac0 (500)
Seat 3: Vietou (2340)
*** ANTE/BLINDS ***
Vietou posts ante 15
manggy94 posts ante 15
Vietou posts small blind 75
manggy94 posts big blind 150
Dealt to manggy94 [Kh 8h]
*** PRE-FLOP *** 
Vietou folds
manggy94 collected 255 from pot
*** SUMMARY ***
Total pot 255 | No rake
Seat 1: manggy94 (big blind) won 255


Winamax Poker - Tournament "Déglingos" buyIn: 2,70€ + 0,30€ level: 8 - HandId: #654225619143360516-66-1459100344 - Holdem no limit (20/100/200) - 2016/03/27 17:39:04 UTC
Table: 'Déglingos(152323772)#003' 3-max (real money) Seat #3 is the button
Seat 1: manggy94 (1895)
Seat 2: AlexMonac0 (500)
Seat 3: Vietou (2250)
*** ANTE/BLINDS ***
manggy94 posts ante 20
AlexMonac0 posts ante 20
Vietou posts ante 20
manggy94 posts small blind 100
AlexMonac0 posts big blind 200
Dealt to manggy94 [Td 5h]
*** PRE-FLOP *** 
Vietou raises 2030 to 2230 and is all-in
manggy94 folds
AlexMonac0 calls 280 and is all-in
*** FLOP *** [7d As 9h]
*** TURN *** [7d As 9h][Jc]
*** RIVER *** [7d As 9h Jc][Th]
*** SHOW DOWN ***
AlexMonac0 shows [6h 8d] (Straight Jack high)
Vietou shows [Ah 4s] (One pair : Aces)
Vietou collected 1750 from side pot 1
AlexMonac0 collected 1120 from main pot
*** SUMMARY ***
Total pot 2870 | No rake
Board: [7d As 9h Jc Th]
Seat 2: AlexMonac0 (big blind) showed [6h 8d] and won 1120 with Straight Jack high
Seat 3: Vietou (button) showed [Ah 4s] and won 1750 with One pair : Aces


Winamax Poker - Tournament "Déglingos" buyIn: 2,70€ + 0,30€ level: 8 - HandId: #654225619143360516-67-1459100367 - Holdem no limit (20/100/200) - 2016/03/27 17:39:27 UTC
Table: 'Déglingos(152323772)#003' 3-max (real money) Seat #1 is the button
Seat 1: manggy94 (1775)
Seat 2: AlexMonac0 (1120)
Seat 3: Vietou (1750)
*** ANTE/BLINDS ***
AlexMonac0 posts ante 20
Vietou posts ante 20
manggy94 posts ante 20
AlexMonac0 posts small blind 100
Vietou posts big blind 200
Dealt to manggy94 [Qd 3s]
*** PRE-FLOP *** 
manggy94 folds
AlexMonac0 raises 900 to 1100 and is all-in
Vietou folds
AlexMonac0 collected 1360 from pot
*** SUMMARY ***
Total pot 1360 | No rake
Seat 2: AlexMonac0 (small blind) won 1360


Winamax Poker - Tournament "Déglingos" buyIn: 2,70€ + 0,30€ level: 8 - HandId: #654225619143360516-68-1459100380 - Holdem no limit (20/100/200) - 2016/03/27 17:39:40 UTC
Table: 'Déglingos(152323772)#003' 3-max (real money) Seat #2 is the button
Seat 1: manggy94 (1755)
Seat 2: AlexMonac0 (1360)
Seat 3: Vietou (1530)
*** ANTE/BLINDS ***
Vietou posts ante 20
manggy94 posts ante 20
AlexMonac0 posts ante 20
Vietou posts small blind 100
manggy94 posts big blind 200
Dealt to manggy94 [5d 8c]
*** PRE-FLOP *** 
AlexMonac0 raises 1140 to 1340 and is all-in
Vietou folds
manggy94 folds
AlexMonac0 collected 1700 from pot
*** SUMMARY ***
Total pot 1700 | No rake
Seat 2: AlexMonac0 (button) won 1700


Winamax Poker - Tournament "Déglingos" buyIn: 2,70€ + 0,30€ level: 8 - HandId: #654225619143360516-69-1459100392 - Holdem no limit (20/100/200) - 2016/03/27 17:39:52 UTC
Table: 'Déglingos(152323772)#003' 3-max (real money) Seat #3 is the button
Seat 1: manggy94 (1535)
Seat 2: AlexMonac0 (1700)
Seat 3: Vietou (1410)
*** ANTE/BLINDS ***
manggy94 posts ante 20
AlexMonac0 posts ante 20
Vietou posts ante 20
manggy94 posts small blind 100
AlexMonac0 posts big blind 200
Dealt to manggy94 [Td 7d]
*** PRE-FLOP *** 
Vietou raises 1190 to 1390 and is all-in
manggy94 folds
AlexMonac0 folds
Vietou collected 1750 from pot
*** SUMMARY ***
Total pot 1750 | No rake
Seat 3: Vietou (button) won 1750


Winamax Poker - Tournament "Déglingos" buyIn: 2,70€ + 0,30€ level: 8 - HandId: #654225619143360516-70-1459100399 - Holdem no limit (20/100/200) - 2016/03/27 17:39:59 UTC
Table: 'Déglingos(152323772)#003' 3-max (real money) Seat #1 is the button
Seat 1: manggy94 (1415)
Seat 2: AlexMonac0 (1480)
Seat 3: Vietou (1750)
*** ANTE/BLINDS ***
AlexMonac0 posts ante 20
Vietou posts ante 20
manggy94 posts ante 20
AlexMonac0 posts small blind 100
Vietou posts big blind 200
Dealt to manggy94 [Ah 9h]
*** PRE-FLOP *** 
manggy94 raises 400 to 600
AlexMonac0 folds
Vietou folds
manggy94 collected 960 from pot
*** SUMMARY ***
Total pot 960 | No rake
Seat 1: manggy94 (button) won 960


Winamax Poker - Tournament "Déglingos" buyIn: 2,70€ + 0,30€ level: 8 - HandId: #654225619143360516-71-1459100412 - Holdem no limit (20/100/200) - 2016/03/27 17:40:12 UTC
Table: 'Déglingos(152323772)#003' 3-max (real money) Seat #2 is the button
Seat 1: manggy94 (1755)
Seat 2: AlexMonac0 (1360)
Seat 3: Vietou (1530)
*** ANTE/BLINDS ***
Vietou posts ante 20
manggy94 posts ante 20
AlexMonac0 posts ante 20
Vietou posts small blind 100
manggy94 posts big blind 200
Dealt to manggy94 [As 9c]
*** PRE-FLOP *** 
AlexMonac0 folds
Vietou raises 1310 to 1510 and is all-in
manggy94 calls 1310
*** FLOP *** [6c Tc 3d]
*** TURN *** [6c Tc 3d][Kc]
*** RIVER *** [6c Tc 3d Kc][4d]
*** SHOW DOWN ***
manggy94 shows [As 9c] (High card : Ace)
Vietou shows [Ah Qc] (High card : Ace)
Vietou collected 3080 from pot
*** SUMMARY ***
Total pot 3080 | No rake
Board: [6c Tc 3d Kc 4d]
Seat 1: manggy94 (big blind) showed [As 9c] and lost with High card : Ace
Seat 3: Vietou (small blind) showed [Ah Qc] and won 3080 with High card : Ace


Winamax Poker - Tournament "Déglingos" buyIn: 2,70€ + 0,30€ level: 8 - HandId: #654225619143360516-72-1459100428 - Holdem no limit (20/100/200) - 2016/03/27 17:40:28 UTC
Table: 'Déglingos(152323772)#003' 3-max (real money) Seat #3 is the button
Seat 1: manggy94 (225)
Seat 2: AlexMonac0 (1340)
Seat 3: Vietou (3080)
*** ANTE/BLINDS ***
manggy94 posts ante 20
AlexMonac0 posts ante 20
Vietou posts ante 20
manggy94 posts small blind 100
AlexMonac0 posts big blind 200
Dealt to manggy94 [7s 2c]
*** PRE-FLOP *** 
Vietou folds
manggy94 folds
AlexMonac0 collected 360 from pot
*** SUMMARY ***
Total pot 360 | No rake
Seat 2: AlexMonac0 (big blind) won 360


Winamax Poker - Tournament "Déglingos" buyIn: 2,70€ + 0,30€ level: 8 - HandId: #654225619143360516-73-1459100434 - Holdem no limit (20/100/200) - 2016/03/27 17:40:34 UTC
Table: 'Déglingos(152323772)#003' 3-max (real money) Seat #1 is the button
Seat 1: manggy94 (105)
Seat 2: AlexMonac0 (1480)
Seat 3: Vietou (3060)
*** ANTE/BLINDS ***
AlexMonac0 posts ante 20
Vietou posts ante 20
manggy94 posts ante 20
AlexMonac0 posts small blind 100
Vietou posts big blind 200
Dealt to manggy94 [Qh 3d]
*** PRE-FLOP *** 
manggy94 folds
AlexMonac0 folds
Vietou collected 360 from pot
*** SUMMARY ***
Total pot 360 | No rake
Seat 3: Vietou (big blind) won 360


Winamax Poker - Tournament "Déglingos" buyIn: 2,70€ + 0,30€ level: 8 - HandId: #654225619143360516-74-1459100444 - Holdem no limit (20/100/200) - 2016/03/27 17:40:44 UTC
Table: 'Déglingos(152323772)#003' 3-max (real money) Seat #2 is the button
Seat 1: manggy94 (85)
Seat 2: AlexMonac0 (1360)
Seat 3: Vietou (3200)
*** ANTE/BLINDS ***
Vietou posts ante 20
manggy94 posts ante 20
AlexMonac0 posts ante 20
Vietou posts small blind 100
manggy94 posts big blind 65 and is all-in
Dealt to manggy94 [7s 6h]
*** PRE-FLOP *** 
AlexMonac0 raises 1275 to 1340 and is all-in
Vietou folds
*** FLOP *** [7h Ah 9d]
*** TURN *** [7h Ah 9d][Tc]
*** RIVER *** [7h Ah 9d Tc][3c]
*** SHOW DOWN ***
manggy94 shows [7s 6h] (One pair : 7)
AlexMonac0 shows [Kh 6s] (High card : Ace)
AlexMonac0 collected 1310 from side pot 1
manggy94 collected 255 from main pot
*** SUMMARY ***
Total pot 1565 | No rake
Board: [7h Ah 9d Tc 3c]
Seat 1: manggy94 (big blind) showed [7s 6h] and won 255 with One pair : 7
Seat 2: AlexMonac0 (button) showed [Kh 6s] and won 1310 with High card : Ace


Winamax Poker - Tournament "Déglingos" buyIn: 2,70€ + 0,30€ level: 8 - HandId: #654225619143360516-75-1459100461 - Holdem no limit (20/100/200) - 2016/03/27 17:41:01 UTC
Table: 'Déglingos(152323772)#003' 3-max (real money) Seat #3 is the button
Seat 1: manggy94 (255)
Seat 2: AlexMonac0 (1310)
Seat 3: Vietou (3080)
*** ANTE/BLINDS ***
manggy94 posts ante 20
AlexMonac0 posts ante 20
Vietou posts ante 20
manggy94 posts small blind 100
AlexMonac0 posts big blind 200
Dealt to manggy94 [3c Kd]
*** PRE-FLOP *** 
Vietou folds
manggy94 raises 35 to 235 and is all-in
AlexMonac0 calls 35
*** FLOP *** [2d 4d 8c]
*** TURN *** [2d 4d 8c][8h]
*** RIVER *** [2d 4d 8c 8h][6s]
*** SHOW DOWN ***
manggy94 shows [3c Kd] (One pair : 8)
AlexMonac0 shows [9h 9d] (Two pairs : 9 and 8)
AlexMonac0 collected 530 from pot
*** SUMMARY ***
Total pot 530 | No rake
Board: [2d 4d 8c 8h 6s]
Seat 1: manggy94 (small blind) showed [3c Kd] and lost with One pair : 8
Seat 2: AlexMonac0 (big blind) showed [9h 9d] and won 530 with Two pairs : 9 and 8


