Winamax Poker - Tournament "FAST FOOD" buyIn: 2,25€ + 2,25€ + 0,50€ level: 0 - HandId: #664937392133636113-2-1461060981 - Holdem no limit (25/50) - 2016/04/19 10:16:21 UTC
Table: 'FAST FOOD(154817801)#016' 8-max (real money) Seat #8 is the button
Seat 1: eddyessien (10150)
Seat 2: AspireAnus (10000)
Seat 3: lapointe974 (9950)
Seat 4: chatmaXx (10000)
Seat 5: babyoflove75 (10000)
Seat 6: le sbibi (9950)
Seat 7: manggy94 (10000)
Seat 8: enzo2018 (9950)
*** ANTE/BLINDS ***
eddyessien posts small blind 25
AspireAnus posts big blind 50
Dealt to manggy94 [7h Ah]
*** PRE-FLOP *** 
lapointe974 raises 50 to 100
chatmaXx folds
babyoflove75 folds
le sbibi folds
manggy94 calls 100
enzo2018 folds
eddyessien folds
AspireAnus folds
*** FLOP *** [3h Ks 8c]
lapointe974 bets 150
manggy94 calls 150
*** TURN *** [3h Ks 8c][2s]
lapointe974 bets 300
manggy94 folds
lapointe974 collected 875 from pot
*** SUMMARY ***
Total pot 875 | No rake
Board: [3h Ks 8c 2s]
Seat 3: lapointe974 won 875


Winamax Poker - Tournament "FAST FOOD" buyIn: 2,25€ + 2,25€ + 0,50€ level: 0 - HandId: #664937392133636113-3-1461061044 - Holdem no limit (25/50) - 2016/04/19 10:17:24 UTC
Table: 'FAST FOOD(154817801)#016' 8-max (real money) Seat #1 is the button
Seat 1: eddyessien (10125)
Seat 2: AspireAnus (9950)
Seat 3: lapointe974 (10275)
Seat 4: chatmaXx (10000)
Seat 5: babyoflove75 (10000)
Seat 6: le sbibi (9950)
Seat 7: manggy94 (9750)
Seat 8: enzo2018 (9950)
*** ANTE/BLINDS ***
AspireAnus posts small blind 25
lapointe974 posts big blind 50
Dealt to manggy94 [Js Tc]
*** PRE-FLOP *** 
chatmaXx folds
babyoflove75 raises 50 to 100
le sbibi folds
manggy94 folds
enzo2018 calls 100
eddyessien raises 10025 to 10125 and is all-in
AspireAnus folds
lapointe974 folds
babyoflove75 calls 9900 and is all-in
enzo2018 folds
*** FLOP *** [Td 8s 2h]
*** TURN *** [Td 8s 2h][9d]
*** RIVER *** [Td 8s 2h 9d][Ah]
*** SHOW DOWN ***
babyoflove75 shows [Ac Ks] (One pair : Aces)
eddyessien shows [4c 4s] (One pair : 4)
eddyessien collected 125 from side pot 1
babyoflove75 collected 20175 from main pot
*** SUMMARY ***
Total pot 20300 | No rake
Board: [Td 8s 2h 9d Ah]
Seat 1: eddyessien (button) showed [4c 4s] and won 125 with One pair : 4
Seat 5: babyoflove75 showed [Ac Ks] and won 20175 with One pair : Aces


Winamax Poker - Tournament "FAST FOOD" buyIn: 2,25€ + 2,25€ + 0,50€ level: 1 - HandId: #664937392133636113-4-1461061107 - Holdem no limit (50/100) - 2016/04/19 10:18:27 UTC
Table: 'FAST FOOD(154817801)#016' 8-max (real money) Seat #2 is the button
Seat 1: eddyessien (125)
Seat 2: AspireAnus (9925)
Seat 3: lapointe974 (10225)
Seat 4: chatmaXx (10000)
Seat 5: babyoflove75 (20175)
Seat 6: le sbibi (9950)
Seat 7: manggy94 (9750)
Seat 8: enzo2018 (9850)
*** ANTE/BLINDS ***
lapointe974 posts small blind 50
chatmaXx posts big blind 100
Dealt to manggy94 [3h 5d]
*** PRE-FLOP *** 
babyoflove75 folds
le sbibi folds
manggy94 folds
enzo2018 raises 100 to 200
eddyessien calls 125 and is all-in
AspireAnus raises 400 to 600
lapointe974 folds
chatmaXx raises 9400 to 10000 and is all-in
enzo2018 folds
AspireAnus folds
*** FLOP *** [Tc 8h Ad]
*** TURN *** [Tc 8h Ad][6c]
*** RIVER *** [Tc 8h Ad 6c][Th]
*** SHOW DOWN ***
eddyessien shows [Qd 4c] (One pair : Tens)
chatmaXx shows [Ah Jh] (Two pairs : Aces and Tens)
chatmaXx collected 10975 from pot
*** SUMMARY ***
Total pot 10975 | No rake
Board: [Tc 8h Ad 6c Th]
Seat 1: eddyessien showed [Qd 4c] and lost with One pair : Tens
Seat 4: chatmaXx (big blind) showed [Ah Jh] and won 10975 with Two pairs : Aces and Tens


Winamax Poker - Tournament "FAST FOOD" buyIn: 2,25€ + 2,25€ + 0,50€ level: 1 - HandId: #664937392133636113-5-1461061151 - Holdem no limit (50/100) - 2016/04/19 10:19:11 UTC
Table: 'FAST FOOD(154817801)#016' 8-max (real money) Seat #3 is the button
Seat 1: Cavaliero13 (10000)
Seat 2: AspireAnus (9325)
Seat 3: lapointe974 (10175)
Seat 4: chatmaXx (10975)
Seat 5: babyoflove75 (20175)
Seat 6: le sbibi (9950)
Seat 7: manggy94 (9750)
Seat 8: enzo2018 (9650)
*** ANTE/BLINDS ***
chatmaXx posts small blind 50
babyoflove75 posts big blind 100
Dealt to manggy94 [2s Kd]
*** PRE-FLOP *** 
le sbibi folds
manggy94 folds
enzo2018 folds
Cavaliero13 folds
AspireAnus raises 110 to 210
lapointe974 folds
chatmaXx folds
babyoflove75 folds
AspireAnus collected 360 from pot
*** SUMMARY ***
Total pot 360 | No rake
Seat 2: AspireAnus won 360


Winamax Poker - Tournament "FAST FOOD" buyIn: 2,25€ + 2,25€ + 0,50€ level: 1 - HandId: #664937392133636113-6-1461061198 - Holdem no limit (50/100) - 2016/04/19 10:19:58 UTC
Table: 'FAST FOOD(154817801)#016' 8-max (real money) Seat #4 is the button
Seat 1: Cavaliero13 (10000)
Seat 2: AspireAnus (9475)
Seat 3: lapointe974 (10175)
Seat 4: chatmaXx (10925)
Seat 5: babyoflove75 (20075)
Seat 6: le sbibi (9950)
Seat 7: manggy94 (9750)
Seat 8: enzo2018 (9650)
*** ANTE/BLINDS ***
babyoflove75 posts small blind 50
le sbibi posts big blind 100
Dealt to manggy94 [Qs 2d]
*** PRE-FLOP *** 
manggy94 folds
enzo2018 raises 100 to 200
Cavaliero13 folds
AspireAnus folds
lapointe974 folds
chatmaXx folds
babyoflove75 calls 150
le sbibi calls 100
*** FLOP *** [9h Tc 8s]
babyoflove75 checks
le sbibi checks
enzo2018 checks
*** TURN *** [9h Tc 8s][2s]
babyoflove75 bets 100
le sbibi folds
enzo2018 raises 2000 to 2100
babyoflove75 calls 2000
*** RIVER *** [9h Tc 8s 2s][5c]
babyoflove75 checks
enzo2018 checks
*** SHOW DOWN ***
enzo2018 shows [Kc Ad] (High card : Ace)
babyoflove75 shows [Js 9s] (One pair : 9)
babyoflove75 collected 4800 from pot
*** SUMMARY ***
Total pot 4800 | No rake
Board: [9h Tc 8s 2s 5c]
Seat 5: babyoflove75 (small blind) showed [Js 9s] and won 4800 with One pair : 9
Seat 8: enzo2018 showed [Kc Ad] and lost with High card : Ace


Winamax Poker - Tournament "FAST FOOD" buyIn: 2,25€ + 2,25€ + 0,50€ level: 2 - HandId: #664937392133636113-7-1461061305 - Holdem no limit (75/150) - 2016/04/19 10:21:45 UTC
Table: 'FAST FOOD(154817801)#016' 8-max (real money) Seat #5 is the button
Seat 1: Cavaliero13 (10000)
Seat 2: AspireAnus (9475)
Seat 3: lapointe974 (10175)
Seat 4: chatmaXx (10925)
Seat 5: babyoflove75 (22575)
Seat 6: le sbibi (9750)
Seat 7: manggy94 (9750)
Seat 8: enzo2018 (7350)
*** ANTE/BLINDS ***
le sbibi posts small blind 75
manggy94 posts big blind 150
Dealt to manggy94 [4d 4c]
*** PRE-FLOP *** 
enzo2018 folds
Cavaliero13 folds
AspireAnus folds
lapointe974 folds
chatmaXx raises 450 to 600
babyoflove75 folds
le sbibi folds
manggy94 calls 450
*** FLOP *** [Qs Ac Kc]
manggy94 checks
chatmaXx bets 638
manggy94 folds
chatmaXx collected 1913 from pot
*** SUMMARY ***
Total pot 1913 | No rake
Board: [Qs Ac Kc]
Seat 4: chatmaXx won 1913


Winamax Poker - Tournament "FAST FOOD" buyIn: 2,25€ + 2,25€ + 0,50€ level: 2 - HandId: #664937392133636113-8-1461061371 - Holdem no limit (75/150) - 2016/04/19 10:22:51 UTC
Table: 'FAST FOOD(154817801)#016' 8-max (real money) Seat #6 is the button
Seat 1: Cavaliero13 (10000)
Seat 2: AspireAnus (9475)
Seat 3: lapointe974 (10175)
Seat 4: chatmaXx (11600)
Seat 5: babyoflove75 (22575)
Seat 6: le sbibi (9675)
Seat 7: manggy94 (9150)
Seat 8: enzo2018 (7350)
*** ANTE/BLINDS ***
manggy94 posts small blind 75
enzo2018 posts big blind 150
Dealt to manggy94 [3c 5h]
*** PRE-FLOP *** 
Cavaliero13 folds
AspireAnus folds
lapointe974 folds
chatmaXx raises 11450 to 11600 and is all-in
babyoflove75 folds
le sbibi folds
manggy94 folds
enzo2018 folds
chatmaXx shows [7h 7s] (One pair : 7)
chatmaXx collected 11825 from pot
*** SUMMARY ***
Total pot 11825 | No rake
Seat 4: chatmaXx showed [7h 7s] and won 11825 with One pair : 7


Winamax Poker - Tournament "FAST FOOD" buyIn: 2,25€ + 2,25€ + 0,50€ level: 2 - HandId: #664937392133636113-9-1461061417 - Holdem no limit (75/150) - 2016/04/19 10:23:37 UTC
Table: 'FAST FOOD(154817801)#016' 8-max (real money) Seat #7 is the button
Seat 1: Cavaliero13 (10000)
Seat 2: AspireAnus (9475)
Seat 3: lapointe974 (10175)
Seat 4: chatmaXx (11825)
Seat 5: babyoflove75 (22575)
Seat 6: le sbibi (9675)
Seat 7: manggy94 (9075)
Seat 8: enzo2018 (7200)
*** ANTE/BLINDS ***
enzo2018 posts small blind 75
Cavaliero13 posts big blind 150
Dealt to manggy94 [6h Jc]
*** PRE-FLOP *** 
AspireAnus folds
lapointe974 folds
chatmaXx calls 150
babyoflove75 calls 150
le sbibi folds
manggy94 folds
enzo2018 calls 75
Cavaliero13 checks
*** FLOP *** [3c Ks 7h]
enzo2018 checks
Cavaliero13 checks
chatmaXx checks
babyoflove75 bets 450
enzo2018 folds
Cavaliero13 raises 450 to 900
chatmaXx folds
babyoflove75 calls 450
*** TURN *** [3c Ks 7h][Td]
Cavaliero13 checks
babyoflove75 bets 1200
Cavaliero13 raises 7750 to 8950 and is all-in
babyoflove75 calls 7750
*** RIVER *** [3c Ks 7h Td][6d]
*** SHOW DOWN ***
babyoflove75 shows [Qd Kc] (One pair : Kings)
Cavaliero13 shows [7s Kh] (Two pairs : Kings and 7)
Cavaliero13 collected 20300 from pot
*** SUMMARY ***
Total pot 20300 | No rake
Board: [3c Ks 7h Td 6d]
Seat 1: Cavaliero13 (big blind) showed [7s Kh] and won 20300 with Two pairs : Kings and 7
Seat 5: babyoflove75 showed [Qd Kc] and lost with One pair : Kings


Winamax Poker - Tournament "FAST FOOD" buyIn: 2,25€ + 2,25€ + 0,50€ level: 3 - HandId: #664937392133636113-10-1461061500 - Holdem no limit (100/200) - 2016/04/19 10:25:00 UTC
Table: 'FAST FOOD(154817801)#016' 8-max (real money) Seat #8 is the button
Seat 1: Cavaliero13 (20300)
Seat 2: AspireAnus (9475)
Seat 3: lapointe974 (10175)
Seat 4: chatmaXx (11675)
Seat 5: babyoflove75 (12575)
Seat 6: le sbibi (9675)
Seat 7: manggy94 (9075)
Seat 8: enzo2018 (7050)
*** ANTE/BLINDS ***
Cavaliero13 posts small blind 100
AspireAnus posts big blind 200
Dealt to manggy94 [Ts 4h]
*** PRE-FLOP *** 
lapointe974 calls 200
chatmaXx folds
babyoflove75 folds
le sbibi calls 200
manggy94 folds
enzo2018 folds
Cavaliero13 calls 100
AspireAnus checks
*** FLOP *** [Kh Js Kd]
Cavaliero13 checks
AspireAnus bets 344
lapointe974 calls 344
le sbibi folds
Cavaliero13 folds
*** TURN *** [Kh Js Kd][9c]
AspireAnus checks
lapointe974 bets 600
AspireAnus calls 600
*** RIVER *** [Kh Js Kd 9c][3h]
AspireAnus checks
lapointe974 bets 1000
AspireAnus calls 1000
*** SHOW DOWN ***
AspireAnus shows [Jd 6d] (Two pairs : Kings and Jacks)
lapointe974 shows [Qh Td] (Straight King high)
lapointe974 collected 4688 from pot
*** SUMMARY ***
Total pot 4688 | No rake
Board: [Kh Js Kd 9c 3h]
Seat 2: AspireAnus (big blind) showed [Jd 6d] and lost with Two pairs : Kings and Jacks
Seat 3: lapointe974 showed [Qh Td] and won 4688 with Straight King high


