Winamax Poker - Tournament "Kill The Fish" buyIn: 4.50€ + 0.50€ level: 8 - HandId: #798744976526671880-25-1487637515 - Holdem no limit (40/250/500) - 2017/02/21 00:38:35 UTC
Table: 'Kill The Fish(185972307)#007' 8-max (real money) Seat #5 is the button
Seat 1: Kamelhino270 (41345)
Seat 2: manggy94 (10000)
Seat 3: johnjohn813 (11703)
Seat 4: TuPayeTuSote (10000)
Seat 5: RomanO_O (27425)
Seat 6: VORRIAN (7012)
Seat 7: petit PONEY. (24727)
Seat 8: BambouNoir (5213)
*** ANTE/BLINDS ***
VORRIAN posts ante 40
petit PONEY. posts ante 40
Kamelhino270 posts ante 40
manggy94 posts ante 40
johnjohn813 posts ante 40
TuPayeTuSote posts ante 40
RomanO_O posts ante 40
BambouNoir posts ante 40
VORRIAN posts small blind 250
petit PONEY. posts big blind 500
Dealt to manggy94 [Qs 4s]
*** PRE-FLOP *** 
BambouNoir folds
Kamelhino270 folds
manggy94 folds
johnjohn813 folds
TuPayeTuSote folds
RomanO_O raises 500 to 1000
VORRIAN raises 5972 to 6972 and is all-in
petit PONEY. folds
RomanO_O calls 5972
*** FLOP *** [8h Kc 7d]
*** TURN *** [8h Kc 7d][Ah]
*** RIVER *** [8h Kc 7d Ah][Ac]
*** SHOW DOWN ***
VORRIAN shows [8d Qc] (Two pairs : Aces and 8)
RomanO_O shows [7h As] (Full of Aces and 7)
RomanO_O collected 14764 from pot
*** SUMMARY ***
Total pot 14764 | No rake
Board: [8h Kc 7d Ah Ac]
Seat 5: RomanO_O (button) showed [7h As] and won 14764 with Full of Aces and 7
Seat 6: VORRIAN (small blind) showed [8d Qc] and lost with Two pairs : Aces and 8


Winamax Poker - Tournament "Kill The Fish" buyIn: 4.50€ + 0.50€ level: 9 - HandId: #798744976526671880-26-1487637584 - Holdem no limit (60/300/600) - 2017/02/21 00:39:44 UTC
Table: 'Kill The Fish(185972307)#007' 8-max (real money) Seat #6 is the button
Seat 1: Kamelhino270 (41305)
Seat 2: manggy94 (9960)
Seat 3: johnjohn813 (11663)
Seat 4: TuPayeTuSote (9960)
Seat 5: RomanO_O (35177)
Seat 7: petit PONEY. (24187)
Seat 8: BambouNoir (5173)
*** ANTE/BLINDS ***
petit PONEY. posts ante 60
BambouNoir posts ante 60
Kamelhino270 posts ante 60
manggy94 posts ante 60
johnjohn813 posts ante 60
TuPayeTuSote posts ante 60
RomanO_O posts ante 60
petit PONEY. posts small blind 300
BambouNoir posts big blind 600
Dealt to manggy94 [9d 9h]
*** PRE-FLOP *** 
Kamelhino270 folds
manggy94 raises 1920 to 2520
johnjohn813 folds
TuPayeTuSote folds
RomanO_O folds
petit PONEY. folds
BambouNoir raises 2593 to 5113 and is all-in
manggy94 calls 2593
*** FLOP *** [Ks Jc Qh]
*** TURN *** [Ks Jc Qh][2s]
*** RIVER *** [Ks Jc Qh 2s][5h]
*** SHOW DOWN ***
manggy94 shows [9d 9h] (One pair : 9)
BambouNoir shows [Kh Jd] (Two pairs : Kings and Jacks)
BambouNoir collected 10946 from pot
*** SUMMARY ***
Total pot 10946 | No rake
Board: [Ks Jc Qh 2s 5h]
Seat 2: manggy94 showed [9d 9h] and lost with One pair : 9
Seat 8: BambouNoir (big blind) showed [Kh Jd] and won 10946 with Two pairs : Kings and Jacks


Winamax Poker - Tournament "Kill The Fish" buyIn: 4.50€ + 0.50€ level: 9 - HandId: #798744976526671880-27-1487637626 - Holdem no limit (60/300/600) - 2017/02/21 00:40:26 UTC
Table: 'Kill The Fish(185972307)#007' 8-max (real money) Seat #7 is the button
Seat 1: Kamelhino270 (41245)
Seat 2: manggy94 (4787)
Seat 3: johnjohn813 (11603)
Seat 4: TuPayeTuSote (9900)
Seat 5: RomanO_O (35117)
Seat 6: marlostanfie (10000)
Seat 7: petit PONEY. (23827)
Seat 8: BambouNoir (10946)
*** ANTE/BLINDS ***
BambouNoir posts ante 60
Kamelhino270 posts ante 60
manggy94 posts ante 60
johnjohn813 posts ante 60
TuPayeTuSote posts ante 60
RomanO_O posts ante 60
marlostanfie posts ante 60
petit PONEY. posts ante 60
BambouNoir posts small blind 300
Kamelhino270 posts big blind 600
Dealt to manggy94 [2s Ts]
*** PRE-FLOP *** 
manggy94 folds
johnjohn813 folds
TuPayeTuSote raises 9240 to 9840 and is all-in
RomanO_O folds
marlostanfie folds
petit PONEY. raises 13927 to 23767 and is all-in
BambouNoir folds
Kamelhino270 folds
*** FLOP *** [6s 7s 8s]
*** TURN *** [6s 7s 8s][2h]
*** RIVER *** [6s 7s 8s 2h][4d]
*** SHOW DOWN ***
TuPayeTuSote shows [Kc 6c] (One pair : 6)
petit PONEY. shows [Kh Jh] (High card : King)
petit PONEY. collected 13927 from side pot 1
TuPayeTuSote collected 21060 from main pot
*** SUMMARY ***
Total pot 34987 | No rake
Board: [6s 7s 8s 2h 4d]
Seat 4: TuPayeTuSote showed [Kc 6c] and won 21060 with One pair : 6
Seat 7: petit PONEY. (button) showed [Kh Jh] and won 13927 with High card : King


Winamax Poker - Tournament "Kill The Fish" buyIn: 4.50€ + 0.50€ level: 9 - HandId: #798744976526671880-28-1487637664 - Holdem no limit (60/300/600) - 2017/02/21 00:41:04 UTC
Table: 'Kill The Fish(185972307)#007' 8-max (real money) Seat #8 is the button
Seat 1: Kamelhino270 (40585)
Seat 2: manggy94 (4727)
Seat 3: johnjohn813 (11543)
Seat 4: TuPayeTuSote (21060)
Seat 5: RomanO_O (35057)
Seat 6: marlostanfie (9940)
Seat 7: petit PONEY. (13927)
Seat 8: BambouNoir (10586)
*** ANTE/BLINDS ***
Kamelhino270 posts ante 60
manggy94 posts ante 60
johnjohn813 posts ante 60
TuPayeTuSote posts ante 60
RomanO_O posts ante 60
marlostanfie posts ante 60
petit PONEY. posts ante 60
BambouNoir posts ante 60
Kamelhino270 posts small blind 300
manggy94 posts big blind 600
Dealt to manggy94 [3h 5h]
*** PRE-FLOP *** 
johnjohn813 calls 600
TuPayeTuSote folds
RomanO_O folds
marlostanfie folds
petit PONEY. folds
BambouNoir calls 600
Kamelhino270 calls 300
manggy94 checks
*** FLOP *** [Kc Qc 3d]
Kamelhino270 checks
manggy94 checks
johnjohn813 checks
BambouNoir checks
*** TURN *** [Kc Qc 3d][6d]
Kamelhino270 checks
manggy94 checks
johnjohn813 checks
BambouNoir bets 2880
Kamelhino270 folds
manggy94 folds
johnjohn813 folds
BambouNoir collected 5760 from pot
*** SUMMARY ***
Total pot 5760 | No rake
Board: [Kc Qc 3d 6d]
Seat 8: BambouNoir (button) won 5760


Winamax Poker - Tournament "Kill The Fish" buyIn: 4.50€ + 0.50€ level: 9 - HandId: #798744976526671880-29-1487637715 - Holdem no limit (60/300/600) - 2017/02/21 00:41:55 UTC
Table: 'Kill The Fish(185972307)#007' 8-max (real money) Seat #1 is the button
Seat 1: Kamelhino270 (39925)
Seat 2: manggy94 (4067)
Seat 3: johnjohn813 (10883)
Seat 4: TuPayeTuSote (21000)
Seat 5: RomanO_O (34997)
Seat 6: marlostanfie (9880)
Seat 7: petit PONEY. (13867)
Seat 8: BambouNoir (12806)
*** ANTE/BLINDS ***
manggy94 posts ante 60
johnjohn813 posts ante 60
Kamelhino270 posts ante 60
TuPayeTuSote posts ante 60
RomanO_O posts ante 60
marlostanfie posts ante 60
petit PONEY. posts ante 60
BambouNoir posts ante 60
manggy94 posts small blind 300
johnjohn813 posts big blind 600
Dealt to manggy94 [Jd Jc]
*** PRE-FLOP *** 
TuPayeTuSote folds
RomanO_O folds
marlostanfie folds
petit PONEY. raises 13207 to 13807 and is all-in
BambouNoir folds
Kamelhino270 calls 13807
manggy94 calls 3707 and is all-in
johnjohn813 folds
*** FLOP *** [8c 5d Ts]
*** TURN *** [8c 5d Ts][3s]
*** RIVER *** [8c 5d Ts 3s][Ah]
*** SHOW DOWN ***
Kamelhino270 shows [9d 9s] (One pair : 9)
manggy94 shows [Jd Jc] (One pair : Jacks)
petit PONEY. shows [4d As] (One pair : Aces)
petit PONEY. collected 32701 from pot
*** SUMMARY ***
Total pot 32701 | No rake
Board: [8c 5d Ts 3s Ah]
Seat 1: Kamelhino270 (button) showed [9d 9s] and lost with One pair : 9
Seat 2: manggy94 (small blind) showed [Jd Jc] and lost with One pair : Jacks
Seat 7: petit PONEY. showed [4d As] and won 32701 with One pair : Aces


