Winamax Poker - Tournament "Kill The Fish" buyIn: 4.50€ + 0.50€ level: 5 - HandId: #798744156187918341-19-1487688181 - Holdem no limit (150/300) - 2017/02/21 14:43:01 UTC
Table: 'Kill The Fish(185972116)#004' 8-max (real money) Seat #7 is the button
Seat 1: ludopkr (27475)
Seat 2: Lululemerlu (19550)
Seat 3: faitegaffe81 (5325)
Seat 4: goupil78 (25350)
Seat 5: Eldes8510 (16300)
Seat 6: manggy94 (10000)
Seat 7: redbull21250 (6300)
Seat 8: TOLTeck (9700)
*** ANTE/BLINDS ***
TOLTeck posts small blind 150
ludopkr posts big blind 300
Dealt to manggy94 [Qc Ks]
*** PRE-FLOP *** 
Lululemerlu folds
faitegaffe81 calls 300
goupil78 folds
Eldes8510 folds
manggy94 raises 600 to 900
redbull21250 folds
TOLTeck folds
ludopkr folds
faitegaffe81 calls 600
*** FLOP *** [5c Td 3d]
faitegaffe81 bets 4425 and is all-in
manggy94 folds
faitegaffe81 collected 6675 from pot
*** SUMMARY ***
Total pot 6675 | No rake
Board: [5c Td 3d]
Seat 3: faitegaffe81 won 6675


Winamax Poker - Tournament "Kill The Fish" buyIn: 4.50€ + 0.50€ level: 5 - HandId: #798744156187918341-20-1487688231 - Holdem no limit (150/300) - 2017/02/21 14:43:51 UTC
Table: 'Kill The Fish(185972116)#004' 8-max (real money) Seat #8 is the button
Seat 1: ludopkr (27175)
Seat 2: Lululemerlu (19550)
Seat 3: faitegaffe81 (6675)
Seat 4: goupil78 (25350)
Seat 5: Eldes8510 (16300)
Seat 6: manggy94 (9100)
Seat 7: redbull21250 (6300)
Seat 8: TOLTeck (9550)
*** ANTE/BLINDS ***
ludopkr posts small blind 150
Lululemerlu posts big blind 300
Dealt to manggy94 [Ks 7h]
*** PRE-FLOP *** 
faitegaffe81 folds
goupil78 folds
Eldes8510 folds
manggy94 folds
redbull21250 raises 300 to 600
TOLTeck folds
ludopkr calls 450
Lululemerlu raises 18950 to 19550 and is all-in
redbull21250 calls 5700 and is all-in
ludopkr folds
*** FLOP *** [7d Ah 6d]
*** TURN *** [7d Ah 6d][As]
*** RIVER *** [7d Ah 6d As][9s]
*** SHOW DOWN ***
redbull21250 shows [Jh Qc] (One pair : Aces)
Lululemerlu shows [7c 8c] (Two pairs : Aces and 7)
Lululemerlu collected 26450 from pot
*** SUMMARY ***
Total pot 26450 | No rake
Board: [7d Ah 6d As 9s]
Seat 2: Lululemerlu (big blind) showed [7c 8c] and won 26450 with Two pairs : Aces and 7
Seat 7: redbull21250 showed [Jh Qc] and lost with One pair : Aces


Winamax Poker - Tournament "Kill The Fish" buyIn: 4.50€ + 0.50€ level: 5 - HandId: #798744156187918341-21-1487688274 - Holdem no limit (150/300) - 2017/02/21 14:44:34 UTC
Table: 'Kill The Fish(185972116)#004' 8-max (real money) Seat #1 is the button
Seat 1: ludopkr (26575)
Seat 2: Lululemerlu (26450)
Seat 3: faitegaffe81 (6675)
Seat 4: goupil78 (25350)
Seat 5: Eldes8510 (16300)
Seat 6: manggy94 (9100)
Seat 8: TOLTeck (9550)
*** ANTE/BLINDS ***
Lululemerlu posts small blind 150
faitegaffe81 posts big blind 300
Dealt to manggy94 [Ah Qc]
*** PRE-FLOP *** 
goupil78 folds
Eldes8510 raises 600 to 900
manggy94 raises 2250 to 3150
TOLTeck folds
ludopkr folds
Lululemerlu folds
faitegaffe81 folds
Eldes8510 folds
manggy94 collected 4500 from pot
*** SUMMARY ***
Total pot 4500 | No rake
Seat 6: manggy94 won 4500


Winamax Poker - Tournament "Kill The Fish" buyIn: 4.50€ + 0.50€ level: 6 - HandId: #798744156187918341-22-1487688314 - Holdem no limit (25/150/300) - 2017/02/21 14:45:14 UTC
Table: 'Kill The Fish(185972116)#004' 8-max (real money) Seat #2 is the button
Seat 1: ludopkr (26575)
Seat 2: Lululemerlu (26300)
Seat 3: faitegaffe81 (6375)
Seat 4: goupil78 (25350)
Seat 5: Eldes8510 (15400)
Seat 6: manggy94 (10450)
Seat 7: xinoxx (10000)
Seat 8: TOLTeck (9550)
*** ANTE/BLINDS ***
faitegaffe81 posts ante 25
goupil78 posts ante 25
ludopkr posts ante 25
Lululemerlu posts ante 25
Eldes8510 posts ante 25
manggy94 posts ante 25
xinoxx posts ante 25
TOLTeck posts ante 25
faitegaffe81 posts small blind 150
goupil78 posts big blind 300
Dealt to manggy94 [4s 9s]
*** PRE-FLOP *** 
Eldes8510 folds
manggy94 folds
xinoxx calls 300
TOLTeck folds
ludopkr folds
Lululemerlu calls 300
faitegaffe81 calls 150
goupil78 checks
*** FLOP *** [7c Tc Qd]
faitegaffe81 checks
goupil78 checks
xinoxx checks
Lululemerlu checks
*** TURN *** [7c Tc Qd][Th]
faitegaffe81 bets 300
goupil78 folds
xinoxx folds
Lululemerlu folds
faitegaffe81 collected 1700 from pot
*** SUMMARY ***
Total pot 1700 | No rake
Board: [7c Tc Qd Th]
Seat 3: faitegaffe81 (small blind) won 1700


Winamax Poker - Tournament "Kill The Fish" buyIn: 4.50€ + 0.50€ level: 6 - HandId: #798744156187918341-23-1487688359 - Holdem no limit (25/150/300) - 2017/02/21 14:45:59 UTC
Table: 'Kill The Fish(185972116)#004' 8-max (real money) Seat #3 is the button
Seat 1: ludopkr (26550)
Seat 2: Lululemerlu (25975)
Seat 3: faitegaffe81 (7450)
Seat 4: goupil78 (25025)
Seat 5: Eldes8510 (15375)
Seat 6: manggy94 (10425)
Seat 7: xinoxx (9675)
Seat 8: TOLTeck (9525)
*** ANTE/BLINDS ***
goupil78 posts ante 25
Eldes8510 posts ante 25
ludopkr posts ante 25
Lululemerlu posts ante 25
faitegaffe81 posts ante 25
manggy94 posts ante 25
xinoxx posts ante 25
TOLTeck posts ante 25
goupil78 posts small blind 150
Eldes8510 posts big blind 300
Dealt to manggy94 [2h 4h]
*** PRE-FLOP *** 
manggy94 folds
xinoxx folds
TOLTeck folds
ludopkr folds
Lululemerlu folds
faitegaffe81 folds
goupil78 raises 450 to 750
Eldes8510 calls 450
*** FLOP *** [3h Jd 9s]
goupil78 bets 748
Eldes8510 raises 1052 to 1800
goupil78 calls 1052
*** TURN *** [3h Jd 9s][Ah]
goupil78 checks
Eldes8510 bets 1960
goupil78 raises 1968 to 3928
Eldes8510 calls 1968
*** RIVER *** [3h Jd 9s Ah][Qd]
goupil78 checks
Eldes8510 checks
*** SHOW DOWN ***
Eldes8510 shows [Ks 9h] (One pair : 9)
goupil78 shows [Qs Kd] (One pair : Queens)
goupil78 collected 13156 from pot
*** SUMMARY ***
Total pot 13156 | No rake
Board: [3h Jd 9s Ah Qd]
Seat 4: goupil78 (small blind) showed [Qs Kd] and won 13156 with One pair : Queens
Seat 5: Eldes8510 (big blind) showed [Ks 9h] and lost with One pair : 9


Winamax Poker - Tournament "Kill The Fish" buyIn: 4.50€ + 0.50€ level: 6 - HandId: #798744156187918341-24-1487688448 - Holdem no limit (25/150/300) - 2017/02/21 14:47:28 UTC
Table: 'Kill The Fish(185972116)#004' 8-max (real money) Seat #4 is the button
Seat 1: ludopkr (26525)
Seat 2: Lululemerlu (25950)
Seat 3: faitegaffe81 (7425)
Seat 4: goupil78 (31678)
Seat 5: Eldes8510 (8872)
Seat 6: manggy94 (10400)
Seat 7: xinoxx (9650)
Seat 8: TOLTeck (9500)
*** ANTE/BLINDS ***
Eldes8510 posts ante 25
manggy94 posts ante 25
ludopkr posts ante 25
Lululemerlu posts ante 25
faitegaffe81 posts ante 25
goupil78 posts ante 25
xinoxx posts ante 25
TOLTeck posts ante 25
Eldes8510 posts small blind 150
manggy94 posts big blind 300
Dealt to manggy94 [As 5c]
*** PRE-FLOP *** 
xinoxx folds
TOLTeck folds
ludopkr folds
Lululemerlu raises 300 to 600
faitegaffe81 folds
goupil78 calls 600
Eldes8510 calls 450
manggy94 calls 300
*** FLOP *** [Ad Qh Kd]
Eldes8510 checks
manggy94 bets 300
Lululemerlu calls 300
goupil78 raises 1800 to 2100
Eldes8510 folds
manggy94 folds
Lululemerlu calls 1800
*** TURN *** [Ad Qh Kd][9c]
Lululemerlu checks
goupil78 bets 3000
Lululemerlu calls 3000
*** RIVER *** [Ad Qh Kd 9c][Qc]
Lululemerlu checks
goupil78 checks
*** SHOW DOWN ***
Lululemerlu shows [Jh Ks] (Two pairs : Kings and Queens)
goupil78 shows [Js Ah] (Two pairs : Aces and Queens)
goupil78 collected 13100 from pot
*** SUMMARY ***
Total pot 13100 | No rake
Board: [Ad Qh Kd 9c Qc]
Seat 2: Lululemerlu showed [Jh Ks] and lost with Two pairs : Kings and Queens
Seat 4: goupil78 (button) showed [Js Ah] and won 13100 with Two pairs : Aces and Queens


Winamax Poker - Tournament "Kill The Fish" buyIn: 4.50€ + 0.50€ level: 6 - HandId: #798744156187918341-25-1487688507 - Holdem no limit (25/150/300) - 2017/02/21 14:48:27 UTC
Table: 'Kill The Fish(185972116)#004' 8-max (real money) Seat #5 is the button
Seat 1: ludopkr (26500)
Seat 2: Lululemerlu (20225)
Seat 3: faitegaffe81 (7400)
Seat 4: goupil78 (39053)
Seat 5: Eldes8510 (8247)
Seat 6: manggy94 (9475)
Seat 7: xinoxx (9625)
Seat 8: TOLTeck (9475)
*** ANTE/BLINDS ***
manggy94 posts ante 25
xinoxx posts ante 25
ludopkr posts ante 25
Lululemerlu posts ante 25
faitegaffe81 posts ante 25
goupil78 posts ante 25
Eldes8510 posts ante 25
TOLTeck posts ante 25
manggy94 posts small blind 150
xinoxx posts big blind 300
Dealt to manggy94 [Qh 2d]
*** PRE-FLOP *** 
TOLTeck raises 9150 to 9450 and is all-in
ludopkr folds
Lululemerlu raises 9150 to 18600
faitegaffe81 folds
goupil78 folds
Eldes8510 folds
manggy94 folds
xinoxx folds
*** FLOP *** [As 7d 7c]
*** TURN *** [As 7d 7c][Th]
*** RIVER *** [As 7d 7c Th][5d]
*** SHOW DOWN ***
TOLTeck shows [6c 6d] (Two pairs : 7 and 6)
Lululemerlu shows [Ac Kd] (Two pairs : Aces and 7)
Lululemerlu collected 28700 from pot
*** SUMMARY ***
Total pot 28700 | No rake
Board: [As 7d 7c Th 5d]
Seat 2: Lululemerlu showed [Ac Kd] and won 28700 with Two pairs : Aces and 7
Seat 8: TOLTeck showed [6c 6d] and lost with Two pairs : 7 and 6


Winamax Poker - Tournament "Kill The Fish" buyIn: 4.50€ + 0.50€ level: 6 - HandId: #798744156187918341-26-1487688531 - Holdem no limit (25/150/300) - 2017/02/21 14:48:51 UTC
Table: 'Kill The Fish(185972116)#004' 8-max (real money) Seat #6 is the button
Seat 1: ludopkr (26475)
Seat 2: Lululemerlu (30300)
Seat 3: faitegaffe81 (7375)
Seat 4: goupil78 (39028)
Seat 5: Eldes8510 (8222)
Seat 6: manggy94 (9300)
Seat 7: xinoxx (9300)
*** ANTE/BLINDS ***
xinoxx posts ante 25
ludopkr posts ante 25
Lululemerlu posts ante 25
faitegaffe81 posts ante 25
goupil78 posts ante 25
Eldes8510 posts ante 25
manggy94 posts ante 25
xinoxx posts small blind 150
ludopkr posts big blind 300
Dealt to manggy94 [8d 3c]
*** PRE-FLOP *** 
Lululemerlu folds
faitegaffe81 folds
goupil78 folds
Eldes8510 folds
manggy94 folds
xinoxx folds
ludopkr collected 625 from pot
*** SUMMARY ***
Total pot 625 | No rake
Seat 1: ludopkr (big blind) won 625


Winamax Poker - Tournament "Kill The Fish" buyIn: 4.50€ + 0.50€ level: 6 - HandId: #798744156187918341-27-1487688551 - Holdem no limit (25/150/300) - 2017/02/21 14:49:11 UTC
Table: 'Kill The Fish(185972116)#004' 8-max (real money) Seat #7 is the button
Seat 1: ludopkr (26775)
Seat 2: Lululemerlu (30275)
Seat 3: faitegaffe81 (7350)
Seat 4: goupil78 (39003)
Seat 5: Eldes8510 (8197)
Seat 6: manggy94 (9275)
Seat 7: xinoxx (9125)
Seat 8: Wonsguen (10000)
*** ANTE/BLINDS ***
ludopkr posts ante 25
Lululemerlu posts ante 25
faitegaffe81 posts ante 25
goupil78 posts ante 25
Eldes8510 posts ante 25
manggy94 posts ante 25
xinoxx posts ante 25
ludopkr posts small blind 150
Lululemerlu posts big blind 300
Dealt to manggy94 [Js Kd]
*** PRE-FLOP *** 
faitegaffe81 raises 925 to 1225
goupil78 folds
Eldes8510 folds
manggy94 calls 1225
xinoxx folds
ludopkr folds
Lululemerlu folds
*** FLOP *** [9d Td 4h]
faitegaffe81 bets 6100 and is all-in
manggy94 calls 6100
*** TURN *** [9d Td 4h][4d]
*** RIVER *** [9d Td 4h 4d][2h]
*** SHOW DOWN ***
manggy94 shows [Js Kd] (One pair : 4)
faitegaffe81 shows [As Qc] (One pair : 4)
faitegaffe81 collected 15275 from pot
*** SUMMARY ***
Total pot 15275 | No rake
Board: [9d Td 4h 4d 2h]
Seat 3: faitegaffe81 showed [As Qc] and won 15275 with One pair : 4
Seat 6: manggy94 showed [Js Kd] and lost with One pair : 4


Winamax Poker - Tournament "Kill The Fish" buyIn: 4.50€ + 0.50€ level: 6 - HandId: #798744156187918341-28-1487688604 - Holdem no limit (25/150/300) - 2017/02/21 14:50:04 UTC
Table: 'Kill The Fish(185972116)#004' 8-max (real money) Seat #1 is the button
Seat 1: ludopkr (26600)
Seat 2: Lululemerlu (29950)
Seat 3: faitegaffe81 (15275)
Seat 4: goupil78 (38978)
Seat 5: Eldes8510 (8172)
Seat 6: manggy94 (1925)
Seat 7: xinoxx (9100)
Seat 8: Wonsguen (10000)
*** ANTE/BLINDS ***
Lululemerlu posts ante 25
faitegaffe81 posts ante 25
ludopkr posts ante 25
goupil78 posts ante 25
Eldes8510 posts ante 25
manggy94 posts ante 25
xinoxx posts ante 25
Wonsguen posts ante 25
Lululemerlu posts small blind 150
faitegaffe81 posts big blind 300
Dealt to manggy94 [8h 8s]
*** PRE-FLOP *** 
goupil78 folds
Eldes8510 folds
manggy94 raises 300 to 600
xinoxx calls 600
Wonsguen folds
ludopkr folds
Lululemerlu calls 450
faitegaffe81 calls 300
*** FLOP *** [7h Tc 5h]
Lululemerlu checks
faitegaffe81 bets 300
manggy94 raises 1000 to 1300 and is all-in
xinoxx calls 1300
Lululemerlu folds
faitegaffe81 calls 1000
*** TURN *** [7h Tc 5h][Jh]
faitegaffe81 checks
xinoxx checks
*** RIVER *** [7h Tc 5h Jh][6s]
faitegaffe81 checks
xinoxx bets 300
faitegaffe81 folds
*** SHOW DOWN ***
manggy94 shows [8h 8s] (One pair : 8)
xinoxx shows [Js Qc] (One pair : Jacks)
xinoxx collected 6800 from pot
*** SUMMARY ***
Total pot 6800 | No rake
Board: [7h Tc 5h Jh 6s]
Seat 6: manggy94 showed [8h 8s] and lost with One pair : 8
Seat 7: xinoxx showed [Js Qc] and won 6800 with One pair : Jacks


