Winamax Poker - Tournament "POPCORN" buyIn: 1.80€ + 0.20€ level: 8 - HandId: #873950768707665967-75-1502394335 - Holdem no limit (80/300/600) - 2017/08/10 19:45:35 UTC
Table: 'POPCORN(203482520)#046' 6-max (real money) Seat #3 is the button
Seat 1: manggy94 (10000)
Seat 2: emixam19 (21875)
Seat 3: SojaLDicien (15489)
Seat 4: vbesnier37 (8820)
Seat 5: fish_1955 (42966)
Seat 6: rappala (30850)
*** ANTE/BLINDS ***
vbesnier37 posts ante 80
fish_1955 posts ante 80
manggy94 posts ante 80
emixam19 posts ante 80
SojaLDicien posts ante 80
rappala posts ante 80
vbesnier37 posts small blind 300
fish_1955 posts big blind 600
Dealt to manggy94 [Ks Qd]
*** PRE-FLOP *** 
rappala folds
manggy94 raises 600 to 1200
emixam19 calls 1200
SojaLDicien folds
vbesnier37 folds
fish_1955 folds
*** FLOP *** [Kd 3h Ts]
manggy94 bets 1890
emixam19 folds
manggy94 collected 5670 from pot
*** SUMMARY ***
Total pot 5670 | No rake
Board: [Kd 3h Ts]
Seat 1: manggy94 won 5670


Winamax Poker - Tournament "POPCORN" buyIn: 1.80€ + 0.20€ level: 8 - HandId: #873950768707665967-76-1502394392 - Holdem no limit (80/300/600) - 2017/08/10 19:46:32 UTC
Table: 'POPCORN(203482520)#046' 6-max (real money) Seat #4 is the button
Seat 1: manggy94 (12500)
Seat 2: emixam19 (20595)
Seat 3: SojaLDicien (15409)
Seat 4: vbesnier37 (8440)
Seat 5: fish_1955 (42286)
Seat 6: rappala (30770)
*** ANTE/BLINDS ***
fish_1955 posts ante 80
rappala posts ante 80
manggy94 posts ante 80
emixam19 posts ante 80
SojaLDicien posts ante 80
vbesnier37 posts ante 80
fish_1955 posts small blind 300
rappala posts big blind 600
Dealt to manggy94 [8h Qd]
*** PRE-FLOP *** 
manggy94 folds
emixam19 folds
SojaLDicien raises 900 to 1500
vbesnier37 folds
fish_1955 folds
rappala folds
SojaLDicien collected 2880 from pot
*** SUMMARY ***
Total pot 2880 | No rake
Seat 3: SojaLDicien won 2880


Winamax Poker - Tournament "POPCORN" buyIn: 1.80€ + 0.20€ level: 8 - HandId: #873950768707665967-77-1502394426 - Holdem no limit (80/300/600) - 2017/08/10 19:47:06 UTC
Table: 'POPCORN(203482520)#046' 6-max (real money) Seat #5 is the button
Seat 1: manggy94 (12420)
Seat 2: emixam19 (20515)
Seat 3: SojaLDicien (16709)
Seat 4: vbesnier37 (8360)
Seat 5: fish_1955 (41906)
Seat 6: rappala (30090)
*** ANTE/BLINDS ***
rappala posts ante 80
manggy94 posts ante 80
emixam19 posts ante 80
SojaLDicien posts ante 80
vbesnier37 posts ante 80
fish_1955 posts ante 80
rappala posts small blind 300
manggy94 posts big blind 600
Dealt to manggy94 [2d 5s]
*** PRE-FLOP *** 
emixam19 folds
SojaLDicien folds
vbesnier37 folds
fish_1955 raises 4800 to 5400
rappala folds
manggy94 folds
fish_1955 collected 6780 from pot
*** SUMMARY ***
Total pot 6780 | No rake
Seat 5: fish_1955 (button) won 6780


Winamax Poker - Tournament "POPCORN" buyIn: 1.80€ + 0.20€ level: 8 - HandId: #873950768707665967-78-1502394458 - Holdem no limit (80/300/600) - 2017/08/10 19:47:38 UTC
Table: 'POPCORN(203482520)#046' 6-max (real money) Seat #6 is the button
Seat 1: manggy94 (11740)
Seat 2: emixam19 (20435)
Seat 3: SojaLDicien (16629)
Seat 4: vbesnier37 (8280)
Seat 5: fish_1955 (43206)
Seat 6: rappala (29710)
*** ANTE/BLINDS ***
manggy94 posts ante 80
emixam19 posts ante 80
SojaLDicien posts ante 80
vbesnier37 posts ante 80
fish_1955 posts ante 80
rappala posts ante 80
manggy94 posts small blind 300
emixam19 posts big blind 600
Dealt to manggy94 [Qc 6d]
*** PRE-FLOP *** 
SojaLDicien folds
vbesnier37 folds
fish_1955 folds
rappala raises 900 to 1500
manggy94 folds
emixam19 folds
rappala collected 2880 from pot
*** SUMMARY ***
Total pot 2880 | No rake
Seat 6: rappala (button) won 2880


Winamax Poker - Tournament "POPCORN" buyIn: 1.80€ + 0.20€ level: 8 - HandId: #873950768707665967-79-1502394485 - Holdem no limit (80/300/600) - 2017/08/10 19:48:05 UTC
Table: 'POPCORN(203482520)#046' 6-max (real money) Seat #1 is the button
Seat 1: manggy94 (11360)
Seat 2: emixam19 (19755)
Seat 3: SojaLDicien (16549)
Seat 4: vbesnier37 (8200)
Seat 5: fish_1955 (43126)
Seat 6: rappala (31010)
*** ANTE/BLINDS ***
emixam19 posts ante 80
SojaLDicien posts ante 80
manggy94 posts ante 80
vbesnier37 posts ante 80
fish_1955 posts ante 80
rappala posts ante 80
emixam19 posts small blind 300
SojaLDicien posts big blind 600
Dealt to manggy94 [3h 7h]
*** PRE-FLOP *** 
vbesnier37 raises 7520 to 8120 and is all-in
fish_1955 folds
rappala folds
manggy94 folds
emixam19 folds
SojaLDicien folds
vbesnier37 collected 9500 from pot
*** SUMMARY ***
Total pot 9500 | No rake
Seat 4: vbesnier37 won 9500


Winamax Poker - Tournament "POPCORN" buyIn: 1.80€ + 0.20€ level: 8 - HandId: #873950768707665967-80-1502394518 - Holdem no limit (80/300/600) - 2017/08/10 19:48:38 UTC
Table: 'POPCORN(203482520)#046' 6-max (real money) Seat #2 is the button
Seat 1: manggy94 (11280)
Seat 2: emixam19 (19375)
Seat 3: SojaLDicien (15869)
Seat 4: vbesnier37 (9500)
Seat 5: fish_1955 (43046)
Seat 6: rappala (30930)
*** ANTE/BLINDS ***
SojaLDicien posts ante 80
vbesnier37 posts ante 80
manggy94 posts ante 80
emixam19 posts ante 80
fish_1955 posts ante 80
rappala posts ante 80
SojaLDicien posts small blind 300
vbesnier37 posts big blind 600
Dealt to manggy94 [7s Jc]
*** PRE-FLOP *** 
fish_1955 folds
rappala calls 600
manggy94 folds
emixam19 folds
SojaLDicien raises 15189 to 15789 and is all-in
vbesnier37 folds
rappala calls 15189
*** FLOP *** [7d 3s Jh]
*** TURN *** [7d 3s Jh][Ks]
*** RIVER *** [7d 3s Jh Ks][Qd]
*** SHOW DOWN ***
SojaLDicien shows [Ah As] (One pair : Aces)
rappala shows [Kc Qh] (Two pairs : Kings and Queens)
rappala collected 32658 from pot
*** SUMMARY ***
Total pot 32658 | No rake
Board: [7d 3s Jh Ks Qd]
Seat 3: SojaLDicien (small blind) showed [Ah As] and lost with One pair : Aces
Seat 6: rappala showed [Kc Qh] and won 32658 with Two pairs : Kings and Queens


Winamax Poker - Tournament "POPCORN" buyIn: 1.80€ + 0.20€ level: 8 - HandId: #873950768707665967-81-1502394576 - Holdem no limit (80/300/600) - 2017/08/10 19:49:36 UTC
Table: 'POPCORN(203482520)#046' 6-max (real money) Seat #3 is the button
Seat 1: manggy94 (11200)
Seat 2: emixam19 (19295)
Seat 4: vbesnier37 (8820)
Seat 5: fish_1955 (42966)
Seat 6: rappala (47719)
*** ANTE/BLINDS ***
vbesnier37 posts ante 80
fish_1955 posts ante 80
manggy94 posts ante 80
emixam19 posts ante 80
rappala posts ante 80
vbesnier37 posts small blind 300
fish_1955 posts big blind 600
Dealt to manggy94 [2d Ac]
*** PRE-FLOP *** 
rappala calls 600
manggy94 calls 600
emixam19 folds
vbesnier37 calls 300
fish_1955 checks
*** FLOP *** [Jh 9s Qd]
vbesnier37 checks
fish_1955 bets 2400
rappala folds
manggy94 folds
vbesnier37 folds
fish_1955 collected 5200 from pot
*** SUMMARY ***
Total pot 5200 | No rake
Board: [Jh 9s Qd]
Seat 5: fish_1955 (big blind) won 5200


Winamax Poker - Tournament "POPCORN" buyIn: 1.80€ + 0.20€ level: 8 - HandId: #873950768707665967-82-1502394632 - Holdem no limit (80/300/600) - 2017/08/10 19:50:32 UTC
Table: 'POPCORN(203482520)#046' 6-max (real money) Seat #4 is the button
Seat 1: manggy94 (10520)
Seat 2: emixam19 (19215)
Seat 3: ddiiffiizz (10000)
Seat 4: vbesnier37 (8140)
Seat 5: fish_1955 (45086)
Seat 6: rappala (47039)
*** ANTE/BLINDS ***
fish_1955 posts ante 80
rappala posts ante 80
manggy94 posts ante 80
emixam19 posts ante 80
ddiiffiizz posts ante 80
vbesnier37 posts ante 80
fish_1955 posts small blind 300
rappala posts big blind 600
Dealt to manggy94 [7s Qs]
*** PRE-FLOP *** 
manggy94 calls 600
emixam19 calls 600
ddiiffiizz folds
vbesnier37 folds
fish_1955 calls 300
rappala checks
*** FLOP *** [6c 8h 2d]
fish_1955 bets 3000
rappala folds
manggy94 folds
emixam19 folds
fish_1955 collected 5880 from pot
*** SUMMARY ***
Total pot 5880 | No rake
Board: [6c 8h 2d]
Seat 5: fish_1955 (small blind) won 5880


Winamax Poker - Tournament "POPCORN" buyIn: 1.80€ + 0.20€ level: 8 - HandId: #873950768707665967-83-1502394677 - Holdem no limit (80/300/600) - 2017/08/10 19:51:17 UTC
Table: 'POPCORN(203482520)#046' 6-max (real money) Seat #5 is the button
Seat 1: manggy94 (9840)
Seat 2: emixam19 (18535)
Seat 3: ddiiffiizz (9920)
Seat 4: vbesnier37 (8060)
Seat 5: fish_1955 (47286)
Seat 6: rappala (46359)
*** ANTE/BLINDS ***
rappala posts ante 80
manggy94 posts ante 80
emixam19 posts ante 80
ddiiffiizz posts ante 80
vbesnier37 posts ante 80
fish_1955 posts ante 80
rappala posts small blind 300
manggy94 posts big blind 600
Dealt to manggy94 [Js 2s]
*** PRE-FLOP *** 
emixam19 raises 660 to 1260
ddiiffiizz folds
vbesnier37 calls 1260
fish_1955 calls 1260
rappala calls 960
manggy94 folds
*** FLOP *** [Td 6h Jh]
rappala checks
emixam19 bets 3000
vbesnier37 folds
fish_1955 calls 3000
rappala calls 3000
*** TURN *** [Td 6h Jh][3h]
rappala checks
emixam19 checks
fish_1955 bets 7800
rappala folds
emixam19 folds
fish_1955 collected 22920 from pot
*** SUMMARY ***
Total pot 22920 | No rake
Board: [Td 6h Jh 3h]
Seat 5: fish_1955 (button) won 22920


Winamax Poker - Tournament "POPCORN" buyIn: 1.80€ + 0.20€ level: 8 - HandId: #873950768707665967-84-1502394759 - Holdem no limit (80/300/600) - 2017/08/10 19:52:39 UTC
Table: 'POPCORN(203482520)#046' 6-max (real money) Seat #6 is the button
Seat 1: manggy94 (9160)
Seat 2: emixam19 (14195)
Seat 3: ddiiffiizz (9840)
Seat 4: vbesnier37 (6720)
Seat 5: fish_1955 (58066)
Seat 6: rappala (42019)
*** ANTE/BLINDS ***
manggy94 posts ante 80
emixam19 posts ante 80
ddiiffiizz posts ante 80
vbesnier37 posts ante 80
fish_1955 posts ante 80
rappala posts ante 80
manggy94 posts small blind 300
emixam19 posts big blind 600
Dealt to manggy94 [5c Qs]
*** PRE-FLOP *** 
ddiiffiizz calls 600
vbesnier37 folds
fish_1955 calls 600
rappala folds
manggy94 folds
emixam19 checks
*** FLOP *** [Kh Qh Kc]
emixam19 checks
ddiiffiizz bets 1500
fish_1955 calls 1500
emixam19 folds
*** TURN *** [Kh Qh Kc][Kd]
ddiiffiizz checks
fish_1955 bets 6300
ddiiffiizz folds
fish_1955 collected 11880 from pot
*** SUMMARY ***
Total pot 11880 | No rake
Board: [Kh Qh Kc Kd]
Seat 5: fish_1955 won 11880


Winamax Poker - Tournament "POPCORN" buyIn: 1.80€ + 0.20€ level: 8 - HandId: #873950768707665967-85-1502394823 - Holdem no limit (80/300/600) - 2017/08/10 19:53:43 UTC
Table: 'POPCORN(203482520)#046' 6-max (real money) Seat #1 is the button
Seat 1: manggy94 (8780)
Seat 2: emixam19 (13515)
Seat 3: ddiiffiizz (7660)
Seat 4: vbesnier37 (6640)
Seat 5: fish_1955 (61466)
Seat 6: rappala (41939)
*** ANTE/BLINDS ***
emixam19 posts ante 80
ddiiffiizz posts ante 80
manggy94 posts ante 80
vbesnier37 posts ante 80
fish_1955 posts ante 80
rappala posts ante 80
emixam19 posts small blind 300
ddiiffiizz posts big blind 600
Dealt to manggy94 [2s 2c]
*** PRE-FLOP *** 
vbesnier37 folds
fish_1955 folds
rappala calls 600
manggy94 calls 600
emixam19 calls 300
ddiiffiizz checks
*** FLOP *** [5s 5c 8c]
emixam19 checks
ddiiffiizz checks
rappala bets 1920
manggy94 folds
emixam19 folds
ddiiffiizz folds
rappala collected 4800 from pot
*** SUMMARY ***
Total pot 4800 | No rake
Board: [5s 5c 8c]
Seat 6: rappala won 4800


Winamax Poker - Tournament "POPCORN" buyIn: 1.80€ + 0.20€ level: 8 - HandId: #873950768707665967-86-1502394894 - Holdem no limit (80/300/600) - 2017/08/10 19:54:54 UTC
Table: 'POPCORN(203482520)#046' 6-max (real money) Seat #2 is the button
Seat 1: manggy94 (8100)
Seat 2: emixam19 (12835)
Seat 3: ddiiffiizz (6980)
Seat 4: vbesnier37 (6560)
Seat 5: fish_1955 (61386)
Seat 6: rappala (44139)
*** ANTE/BLINDS ***
ddiiffiizz posts ante 80
vbesnier37 posts ante 80
manggy94 posts ante 80
emixam19 posts ante 80
fish_1955 posts ante 80
rappala posts ante 80
ddiiffiizz posts small blind 300
vbesnier37 posts big blind 600
Dealt to manggy94 [2d Kd]
*** PRE-FLOP *** 
fish_1955 folds
rappala folds
manggy94 raises 600 to 1200
emixam19 folds
ddiiffiizz calls 900
vbesnier37 folds
*** FLOP *** [8c 8d Qh]
ddiiffiizz bets 3480
manggy94 calls 3480
*** TURN *** [8c 8d Qh][Jd]
ddiiffiizz bets 2220 and is all-in
manggy94 calls 2220
*** RIVER *** [8c 8d Qh Jd][9s]
*** SHOW DOWN ***
manggy94 shows [2d Kd] (One pair : 8)
ddiiffiizz shows [Qc 9c] (Two pairs : Queens and 9)
ddiiffiizz collected 14880 from pot
*** SUMMARY ***
Total pot 14880 | No rake
Board: [8c 8d Qh Jd 9s]
Seat 1: manggy94 showed [2d Kd] and lost with One pair : 8
Seat 3: ddiiffiizz (small blind) showed [Qc 9c] and won 14880 with Two pairs : Queens and 9


Winamax Poker - Tournament "POPCORN" buyIn: 1.80€ + 0.20€ level: 9 - HandId: #873950768707665967-87-1502395202 - Holdem no limit (100/400/800) - 2017/08/10 20:00:02 UTC
Table: 'POPCORN(203482520)#046' 6-max (real money) Seat #3 is the button
Seat 1: manggy94 (1120)
Seat 2: emixam19 (12755)
Seat 3: ddiiffiizz (14880)
Seat 4: vbesnier37 (5880)
Seat 5: fish_1955 (61306)
Seat 6: rappala (44059)
*** ANTE/BLINDS ***
vbesnier37 posts ante 100
fish_1955 posts ante 100
manggy94 posts ante 100
emixam19 posts ante 100
ddiiffiizz posts ante 100
rappala posts ante 100
vbesnier37 posts small blind 400
fish_1955 posts big blind 800
Dealt to manggy94 [3d 6d]
*** PRE-FLOP *** 
rappala folds
manggy94 folds
emixam19 folds
ddiiffiizz folds
vbesnier37 folds
fish_1955 collected 1800 from pot
*** SUMMARY ***
Total pot 1800 | No rake
Seat 5: fish_1955 (big blind) won 1800


Winamax Poker - Tournament "POPCORN" buyIn: 1.80€ + 0.20€ level: 9 - HandId: #873950768707665967-88-1502395243 - Holdem no limit (100/400/800) - 2017/08/10 20:00:43 UTC
Table: 'POPCORN(203482520)#046' 6-max (real money) Seat #4 is the button
Seat 1: manggy94 (1020)
Seat 2: emixam19 (12655)
Seat 3: ddiiffiizz (14780)
Seat 4: vbesnier37 (5380)
Seat 5: fish_1955 (62206)
Seat 6: rappala (43959)
*** ANTE/BLINDS ***
fish_1955 posts ante 100
rappala posts ante 100
manggy94 posts ante 100
emixam19 posts ante 100
ddiiffiizz posts ante 100
vbesnier37 posts ante 100
fish_1955 posts small blind 400
rappala posts big blind 800
Dealt to manggy94 [Ad Tc]
*** PRE-FLOP *** 
manggy94 raises 120 to 920 and is all-in
emixam19 folds
ddiiffiizz calls 920
vbesnier37 folds
fish_1955 calls 520
rappala calls 120
*** FLOP *** [3c Kc 2d]
fish_1955 bets 4800
rappala calls 4800
ddiiffiizz folds
*** TURN *** [3c Kc 2d][9d]
fish_1955 checks
rappala bets 3200
fish_1955 calls 3200
*** RIVER *** [3c Kc 2d 9d][6s]
fish_1955 checks
rappala checks
*** SHOW DOWN ***
manggy94 shows [Ad Tc] (High card : Ace)
fish_1955 shows [Ts Qd] (High card : King)
rappala shows [3s 5d] (One pair : 3)
rappala collected 20280 from pot
*** SUMMARY ***
Total pot 20280 | No rake
Board: [3c Kc 2d 9d 6s]
Seat 1: manggy94 showed [Ad Tc] and lost with High card : Ace
Seat 5: fish_1955 (small blind) showed [Ts Qd] and lost with High card : King
Seat 6: rappala (big blind) showed [3s 5d] and won 20280 with One pair : 3


Winamax Poker - Tournament "POPCORN" buyIn: 1.80€ + 0.20€ level: 9 - HandId: #873950768707665924-100-1502395356 - Holdem no limit (100/400/800) - 2017/08/10 20:02:36 UTC
Table: 'POPCORN(203482520)#003' 6-max (real money) Seat #5 is the button
Seat 1: TyLeOuf (27422)
Seat 2: Danydany94 (18913)
Seat 3: diegofcl15 (24599)
Seat 4: yannize (7390)
Seat 5: RaPtorBeT.bz (11676)
Seat 6: manggy94 (10000)
*** ANTE/BLINDS ***
TyLeOuf posts ante 100
Danydany94 posts ante 100
diegofcl15 posts ante 100
yannize posts ante 100
RaPtorBeT.bz posts ante 100
TyLeOuf posts small blind 400
Danydany94 posts big blind 800
*** PRE-FLOP *** 
diegofcl15 raises 1000 to 1800
yannize folds
RaPtorBeT.bz folds
TyLeOuf calls 1400
Danydany94 calls 1000
*** FLOP *** [Ts 4h 5s]
TyLeOuf checks
Danydany94 bets 2950
diegofcl15 folds
TyLeOuf folds
Danydany94 collected 8850 from pot
*** SUMMARY ***
Total pot 8850 | No rake
Board: [Ts 4h 5s]
Seat 2: Danydany94 (big blind) won 8850


Winamax Poker - Tournament "POPCORN" buyIn: 1.80€ + 0.20€ level: 9 - HandId: #873950768707665924-101-1502395395 - Holdem no limit (100/400/800) - 2017/08/10 20:03:15 UTC
Table: 'POPCORN(203482520)#003' 6-max (real money) Seat #1 is the button
Seat 1: TyLeOuf (25522)
Seat 2: Danydany94 (22913)
Seat 3: diegofcl15 (22699)
Seat 4: yannize (7290)
Seat 5: RaPtorBeT.bz (11576)
Seat 6: manggy94 (10000)
*** ANTE/BLINDS ***
Danydany94 posts ante 100
diegofcl15 posts ante 100
TyLeOuf posts ante 100
yannize posts ante 100
RaPtorBeT.bz posts ante 100
manggy94 posts ante 100
Danydany94 posts small blind 400
diegofcl15 posts big blind 800
Dealt to manggy94 [5c 4s]
*** PRE-FLOP *** 
yannize folds
RaPtorBeT.bz folds
manggy94 folds
TyLeOuf folds
Danydany94 raises 2200 to 3000
diegofcl15 folds
Danydany94 collected 4400 from pot
*** SUMMARY ***
Total pot 4400 | No rake
Seat 2: Danydany94 (small blind) won 4400


Winamax Poker - Tournament "POPCORN" buyIn: 1.80€ + 0.20€ level: 9 - HandId: #873950768707665924-102-1502395438 - Holdem no limit (100/400/800) - 2017/08/10 20:03:58 UTC
Table: 'POPCORN(203482520)#003' 6-max (real money) Seat #2 is the button
Seat 1: TyLeOuf (25422)
Seat 2: Danydany94 (24213)
Seat 3: diegofcl15 (21799)
Seat 4: yannize (7190)
Seat 5: RaPtorBeT.bz (11476)
Seat 6: manggy94 (9900)
*** ANTE/BLINDS ***
diegofcl15 posts ante 100
yannize posts ante 100
TyLeOuf posts ante 100
Danydany94 posts ante 100
RaPtorBeT.bz posts ante 100
manggy94 posts ante 100
diegofcl15 posts small blind 400
yannize posts big blind 800
Dealt to manggy94 [6c Jd]
*** PRE-FLOP *** 
RaPtorBeT.bz folds
manggy94 folds
TyLeOuf calls 800
Danydany94 calls 800
diegofcl15 folds
yannize checks
*** FLOP *** [5h Kc Th]
yannize checks
TyLeOuf bets 3400
Danydany94 folds
yannize folds
TyLeOuf collected 6800 from pot
*** SUMMARY ***
Total pot 6800 | No rake
Board: [5h Kc Th]
Seat 1: TyLeOuf won 6800


Winamax Poker - Tournament "POPCORN" buyIn: 1.80€ + 0.20€ level: 9 - HandId: #873950768707665924-103-1502395499 - Holdem no limit (100/400/800) - 2017/08/10 20:04:59 UTC
Table: 'POPCORN(203482520)#003' 6-max (real money) Seat #3 is the button
Seat 1: TyLeOuf (27922)
Seat 2: Danydany94 (23313)
Seat 3: diegofcl15 (21299)
Seat 4: yannize (6290)
Seat 5: RaPtorBeT.bz (11376)
Seat 6: manggy94 (9800)
*** ANTE/BLINDS ***
yannize posts ante 100
RaPtorBeT.bz posts ante 100
TyLeOuf posts ante 100
Danydany94 posts ante 100
diegofcl15 posts ante 100
manggy94 posts ante 100
yannize posts small blind 400
RaPtorBeT.bz posts big blind 800
Dealt to manggy94 [5c Kh]
*** PRE-FLOP *** 
manggy94 folds
TyLeOuf folds
Danydany94 calls 800
diegofcl15 folds
yannize calls 400
RaPtorBeT.bz checks
*** FLOP *** [9c Kd Ts]
yannize checks
RaPtorBeT.bz checks
Danydany94 checks
*** TURN *** [9c Kd Ts][2d]
yannize checks
RaPtorBeT.bz checks
Danydany94 checks
*** RIVER *** [9c Kd Ts 2d][Jh]
yannize checks
RaPtorBeT.bz bets 1600
Danydany94 folds
yannize folds
RaPtorBeT.bz collected 4600 from pot
*** SUMMARY ***
Total pot 4600 | No rake
Board: [9c Kd Ts 2d Jh]
Seat 5: RaPtorBeT.bz (big blind) won 4600


Winamax Poker - Tournament "POPCORN" buyIn: 1.80€ + 0.20€ level: 9 - HandId: #873950768707665924-104-1502395598 - Holdem no limit (100/400/800) - 2017/08/10 20:06:38 UTC
Table: 'POPCORN(203482520)#003' 6-max (real money) Seat #4 is the button
Seat 1: TyLeOuf (27822)
Seat 2: Danydany94 (22413)
Seat 3: diegofcl15 (21199)
Seat 4: yannize (5390)
Seat 5: RaPtorBeT.bz (13476)
Seat 6: manggy94 (9700)
*** ANTE/BLINDS ***
RaPtorBeT.bz posts ante 100
manggy94 posts ante 100
TyLeOuf posts ante 100
Danydany94 posts ante 100
diegofcl15 posts ante 100
yannize posts ante 100
RaPtorBeT.bz posts small blind 400
manggy94 posts big blind 800
Dealt to manggy94 [6c 4h]
*** PRE-FLOP *** 
TyLeOuf calls 800
Danydany94 calls 800
diegofcl15 calls 800
yannize folds
RaPtorBeT.bz raises 12576 to 13376 and is all-in
manggy94 folds
TyLeOuf folds
Danydany94 calls 12576
diegofcl15 raises 7723 to 21099 and is all-in
Danydany94 calls 7723
*** FLOP *** [Kh 6h Tc]
*** TURN *** [Kh 6h Tc][7h]
*** RIVER *** [Kh 6h Tc 7h][6s]
*** SHOW DOWN ***
Danydany94 shows [9d Ah] (One pair : 6)
diegofcl15 shows [Ts As] (Two pairs : Tens and 6)
RaPtorBeT.bz shows [Th Td] (Full of Tens and 6)
RaPtorBeT.bz collected 42328 from main pot
diegofcl15 collected 15446 from side pot 1
*** SUMMARY ***
Total pot 57774 | No rake
Board: [Kh 6h Tc 7h 6s]
Seat 2: Danydany94 showed [9d Ah] and lost with One pair : 6
Seat 3: diegofcl15 showed [Ts As] and won 15446 with Two pairs : Tens and 6
Seat 5: RaPtorBeT.bz (small blind) showed [Th Td] and won 42328 with Full of Tens and 6


Winamax Poker - Tournament "POPCORN" buyIn: 1.80€ + 0.20€ level: 9 - HandId: #873950768707665924-105-1502395670 - Holdem no limit (100/400/800) - 2017/08/10 20:07:50 UTC
Table: 'POPCORN(203482520)#003' 6-max (real money) Seat #5 is the button
Seat 1: TyLeOuf (26922)
Seat 2: Danydany94 (1214)
Seat 3: diegofcl15 (15446)
Seat 4: yannize (5290)
Seat 5: RaPtorBeT.bz (42328)
Seat 6: manggy94 (8800)
*** ANTE/BLINDS ***
manggy94 posts ante 100
TyLeOuf posts ante 100
Danydany94 posts ante 100
diegofcl15 posts ante 100
yannize posts ante 100
RaPtorBeT.bz posts ante 100
manggy94 posts small blind 400
TyLeOuf posts big blind 800
Dealt to manggy94 [Jd Td]
*** PRE-FLOP *** 
Danydany94 raises 314 to 1114 and is all-in
diegofcl15 folds
yannize folds
RaPtorBeT.bz folds
manggy94 calls 714
TyLeOuf calls 314
*** FLOP *** [2c 7d As]
manggy94 checks
TyLeOuf bets 3942
manggy94 folds
*** TURN *** [2c 7d As][Ts]
*** RIVER *** [2c 7d As Ts][Jc]
*** SHOW DOWN ***
Danydany94 shows [Qs Qh] (One pair : Queens)
TyLeOuf shows [2d Ad] (Two pairs : Aces and 2)
TyLeOuf collected 7884 from pot
*** SUMMARY ***
Total pot 7884 | No rake
Board: [2c 7d As Ts Jc]
Seat 1: TyLeOuf (big blind) showed [2d Ad] and won 7884 with Two pairs : Aces and 2
Seat 2: Danydany94 showed [Qs Qh] and lost with One pair : Queens


Winamax Poker - Tournament "POPCORN" buyIn: 1.80€ + 0.20€ level: 9 - HandId: #873950768707665924-106-1502395706 - Holdem no limit (100/400/800) - 2017/08/10 20:08:26 UTC
Table: 'POPCORN(203482520)#003' 6-max (real money) Seat #6 is the button
Seat 1: TyLeOuf (29650)
Seat 3: diegofcl15 (15346)
Seat 4: yannize (5190)
Seat 5: RaPtorBeT.bz (42228)
Seat 6: manggy94 (7586)
*** ANTE/BLINDS ***
TyLeOuf posts ante 100
diegofcl15 posts ante 100
yannize posts ante 100
RaPtorBeT.bz posts ante 100
manggy94 posts ante 100
TyLeOuf posts small blind 400
diegofcl15 posts big blind 800
Dealt to manggy94 [4d Ts]
*** PRE-FLOP *** 
yannize raises 4290 to 5090 and is all-in
RaPtorBeT.bz folds
manggy94 folds
TyLeOuf folds
diegofcl15 folds
yannize collected 6790 from pot
*** SUMMARY ***
Total pot 6790 | No rake
Seat 4: yannize won 6790


Winamax Poker - Tournament "POPCORN" buyIn: 1.80€ + 0.20€ level: 9 - HandId: #873950768707665924-107-1502395726 - Holdem no limit (100/400/800) - 2017/08/10 20:08:46 UTC
Table: 'POPCORN(203482520)#003' 6-max (real money) Seat #1 is the button
Seat 1: TyLeOuf (29150)
Seat 3: diegofcl15 (14446)
Seat 4: yannize (6790)
Seat 5: RaPtorBeT.bz (42128)
Seat 6: manggy94 (7486)
*** ANTE/BLINDS ***
diegofcl15 posts ante 100
yannize posts ante 100
TyLeOuf posts ante 100
RaPtorBeT.bz posts ante 100
manggy94 posts ante 100
diegofcl15 posts small blind 400
yannize posts big blind 800
Dealt to manggy94 [3h Qh]
*** PRE-FLOP *** 
RaPtorBeT.bz folds
manggy94 folds
TyLeOuf calls 800
diegofcl15 folds
yannize checks
*** FLOP *** [Jh Tc 6s]
yannize checks
TyLeOuf checks
*** TURN *** [Jh Tc 6s][9s]
yannize checks
TyLeOuf checks
*** RIVER *** [Jh Tc 6s 9s][7h]
yannize checks
TyLeOuf checks
*** SHOW DOWN ***
TyLeOuf shows [Kd 4d] (High card : King)
yannize shows [5s As] (High card : Ace)
yannize collected 2500 from pot
*** SUMMARY ***
Total pot 2500 | No rake
Board: [Jh Tc 6s 9s 7h]
Seat 1: TyLeOuf (button) showed [Kd 4d] and lost with High card : King
Seat 4: yannize (big blind) showed [5s As] and won 2500 with High card : Ace


Winamax Poker - Tournament "POPCORN" buyIn: 1.80€ + 0.20€ level: 9 - HandId: #873950768707665924-108-1502395768 - Holdem no limit (100/400/800) - 2017/08/10 20:09:28 UTC
Table: 'POPCORN(203482520)#003' 6-max (real money) Seat #3 is the button
Seat 1: TyLeOuf (28250)
Seat 3: diegofcl15 (13946)
Seat 4: yannize (8390)
Seat 5: RaPtorBeT.bz (42028)
Seat 6: manggy94 (7386)
*** ANTE/BLINDS ***
yannize posts ante 100
RaPtorBeT.bz posts ante 100
TyLeOuf posts ante 100
diegofcl15 posts ante 100
manggy94 posts ante 100
yannize posts small blind 400
RaPtorBeT.bz posts big blind 800
Dealt to manggy94 [6h 8d]
*** PRE-FLOP *** 
manggy94 folds
TyLeOuf folds
diegofcl15 folds
yannize calls 400
RaPtorBeT.bz raises 3144 to 3944
yannize folds
RaPtorBeT.bz collected 5244 from pot
*** SUMMARY ***
Total pot 5244 | No rake
Seat 5: RaPtorBeT.bz (big blind) won 5244


Winamax Poker - Tournament "POPCORN" buyIn: 1.80€ + 0.20€ level: 10 - HandId: #873950768707665924-109-1502395801 - Holdem no limit (120/500/1000) - 2017/08/10 20:10:01 UTC
Table: 'POPCORN(203482520)#003' 6-max (real money) Seat #4 is the button
Seat 1: TyLeOuf (28150)
Seat 3: diegofcl15 (13846)
Seat 4: yannize (7490)
Seat 5: RaPtorBeT.bz (43228)
Seat 6: manggy94 (7286)
*** ANTE/BLINDS ***
RaPtorBeT.bz posts ante 120
manggy94 posts ante 120
TyLeOuf posts ante 120
diegofcl15 posts ante 120
yannize posts ante 120
RaPtorBeT.bz posts small blind 500
manggy94 posts big blind 1000
Dealt to manggy94 [Qc 6h]
*** PRE-FLOP *** 
TyLeOuf folds
diegofcl15 folds
yannize folds
RaPtorBeT.bz folds
manggy94 collected 2100 from pot
*** SUMMARY ***
Total pot 2100 | No rake
Seat 6: manggy94 (big blind) won 2100


Winamax Poker - Tournament "POPCORN" buyIn: 1.80€ + 0.20€ level: 10 - HandId: #873950768707665924-110-1502395818 - Holdem no limit (120/500/1000) - 2017/08/10 20:10:18 UTC
Table: 'POPCORN(203482520)#003' 6-max (real money) Seat #5 is the button
Seat 1: TyLeOuf (28030)
Seat 3: diegofcl15 (13726)
Seat 4: yannize (7370)
Seat 5: RaPtorBeT.bz (42608)
Seat 6: manggy94 (8266)
*** ANTE/BLINDS ***
manggy94 posts ante 120
TyLeOuf posts ante 120
diegofcl15 posts ante 120
yannize posts ante 120
RaPtorBeT.bz posts ante 120
manggy94 posts small blind 500
TyLeOuf posts big blind 1000
Dealt to manggy94 [3d As]
*** PRE-FLOP *** 
diegofcl15 raises 12606 to 13606 and is all-in
yannize folds
RaPtorBeT.bz folds
manggy94 folds
TyLeOuf folds
diegofcl15 collected 15706 from pot
*** SUMMARY ***
Total pot 15706 | No rake
Seat 3: diegofcl15 won 15706


Winamax Poker - Tournament "POPCORN" buyIn: 1.80€ + 0.20€ level: 10 - HandId: #873950768707665924-111-1502395833 - Holdem no limit (120/500/1000) - 2017/08/10 20:10:33 UTC
Table: 'POPCORN(203482520)#003' 6-max (real money) Seat #6 is the button
Seat 1: TyLeOuf (26910)
Seat 3: diegofcl15 (15706)
Seat 4: yannize (7250)
Seat 5: RaPtorBeT.bz (42488)
Seat 6: manggy94 (7646)
*** ANTE/BLINDS ***
TyLeOuf posts ante 120
diegofcl15 posts ante 120
yannize posts ante 120
RaPtorBeT.bz posts ante 120
manggy94 posts ante 120
TyLeOuf posts small blind 500
diegofcl15 posts big blind 1000
Dealt to manggy94 [4c 9h]
*** PRE-FLOP *** 
yannize folds
RaPtorBeT.bz raises 2000 to 3000
manggy94 folds
TyLeOuf folds
diegofcl15 raises 12586 to 15586 and is all-in
RaPtorBeT.bz calls 12586
*** FLOP *** [7d 4h Qc]
*** TURN *** [7d 4h Qc][6h]
*** RIVER *** [7d 4h Qc 6h][Js]
*** SHOW DOWN ***
diegofcl15 shows [Ad Kc] (High card : Ace)
RaPtorBeT.bz shows [Kh Ah] (High card : Ace)
RaPtorBeT.bz collected 16136 from pot
diegofcl15 collected 16136 from pot
*** SUMMARY ***
Total pot 32272 | No rake
Board: [7d 4h Qc 6h Js]
Seat 3: diegofcl15 (big blind) showed [Ad Kc] and won 16136 with High card : Ace
Seat 5: RaPtorBeT.bz showed [Kh Ah] and won 16136 with High card : Ace


Winamax Poker - Tournament "POPCORN" buyIn: 1.80€ + 0.20€ level: 10 - HandId: #873950768707665924-112-1502395869 - Holdem no limit (120/500/1000) - 2017/08/10 20:11:09 UTC
Table: 'POPCORN(203482520)#003' 6-max (real money) Seat #1 is the button
Seat 1: TyLeOuf (26290)
Seat 2: Mehrez70 (10000)
Seat 3: diegofcl15 (16136)
Seat 4: yannize (7130)
Seat 5: RaPtorBeT.bz (42918)
Seat 6: manggy94 (7526)
*** ANTE/BLINDS ***
diegofcl15 posts ante 120
yannize posts ante 120
TyLeOuf posts ante 120
RaPtorBeT.bz posts ante 120
manggy94 posts ante 120
diegofcl15 posts small blind 500
yannize posts big blind 1000
Dealt to manggy94 [3h 8c]
*** PRE-FLOP *** 
RaPtorBeT.bz raises 2000 to 3000
manggy94 folds
TyLeOuf folds
diegofcl15 folds
yannize folds
RaPtorBeT.bz collected 5100 from pot
*** SUMMARY ***
Total pot 5100 | No rake
Seat 5: RaPtorBeT.bz won 5100


Winamax Poker - Tournament "POPCORN" buyIn: 1.80€ + 0.20€ level: 10 - HandId: #873950768707665924-113-1502395893 - Holdem no limit (120/500/1000) - 2017/08/10 20:11:33 UTC
Table: 'POPCORN(203482520)#003' 6-max (real money) Seat #3 is the button
Seat 1: TyLeOuf (26170)
Seat 2: Mehrez70 (10000)
Seat 3: diegofcl15 (15516)
Seat 4: yannize (6010)
Seat 5: RaPtorBeT.bz (44898)
Seat 6: manggy94 (7406)
*** ANTE/BLINDS ***
yannize posts ante 120
RaPtorBeT.bz posts ante 120
TyLeOuf posts ante 120
Mehrez70 posts ante 120
diegofcl15 posts ante 120
manggy94 posts ante 120
yannize posts small blind 500
RaPtorBeT.bz posts big blind 1000
Dealt to manggy94 [3c 2d]
*** PRE-FLOP *** 
manggy94 folds
TyLeOuf calls 1000
Mehrez70 folds
diegofcl15 calls 1000
yannize calls 500
RaPtorBeT.bz checks
*** FLOP *** [7h 4s Ah]
yannize bets 4890 and is all-in
RaPtorBeT.bz folds
TyLeOuf folds
diegofcl15 folds
yannize collected 9610 from pot
*** SUMMARY ***
Total pot 9610 | No rake
Board: [7h 4s Ah]
Seat 4: yannize (small blind) won 9610


Winamax Poker - Tournament "POPCORN" buyIn: 1.80€ + 0.20€ level: 10 - HandId: #873950768707665924-114-1502395949 - Holdem no limit (120/500/1000) - 2017/08/10 20:12:29 UTC
Table: 'POPCORN(203482520)#003' 6-max (real money) Seat #4 is the button
Seat 1: TyLeOuf (25050)
Seat 2: Mehrez70 (9880)
Seat 3: diegofcl15 (14396)
Seat 4: yannize (9610)
Seat 5: RaPtorBeT.bz (43778)
Seat 6: manggy94 (7286)
*** ANTE/BLINDS ***
RaPtorBeT.bz posts ante 120
manggy94 posts ante 120
TyLeOuf posts ante 120
Mehrez70 posts ante 120
diegofcl15 posts ante 120
yannize posts ante 120
RaPtorBeT.bz posts small blind 500
manggy94 posts big blind 1000
Dealt to manggy94 [5c 9c]
*** PRE-FLOP *** 
TyLeOuf folds
Mehrez70 calls 1000
diegofcl15 folds
yannize raises 8490 to 9490 and is all-in
RaPtorBeT.bz folds
manggy94 folds
Mehrez70 folds
yannize collected 12710 from pot
*** SUMMARY ***
Total pot 12710 | No rake
Seat 4: yannize (button) won 12710


Winamax Poker - Tournament "POPCORN" buyIn: 1.80€ + 0.20€ level: 10 - HandId: #873950768707665924-115-1502395993 - Holdem no limit (120/500/1000) - 2017/08/10 20:13:13 UTC
Table: 'POPCORN(203482520)#003' 6-max (real money) Seat #5 is the button
Seat 1: TyLeOuf (24930)
Seat 2: Mehrez70 (8760)
Seat 3: diegofcl15 (14276)
Seat 4: yannize (12710)
Seat 5: RaPtorBeT.bz (43158)
Seat 6: manggy94 (6166)
*** ANTE/BLINDS ***
manggy94 posts ante 120
TyLeOuf posts ante 120
Mehrez70 posts ante 120
diegofcl15 posts ante 120
yannize posts ante 120
RaPtorBeT.bz posts ante 120
manggy94 posts small blind 500
TyLeOuf posts big blind 1000
Dealt to manggy94 [7s 8h]
*** PRE-FLOP *** 
Mehrez70 folds
diegofcl15 folds
yannize raises 2000 to 3000
RaPtorBeT.bz folds
manggy94 folds
TyLeOuf calls 2000
*** FLOP *** [Ad 3s Js]
TyLeOuf checks
yannize checks
*** TURN *** [Ad 3s Js][2h]
TyLeOuf checks
yannize checks
*** RIVER *** [Ad 3s Js 2h][5h]
TyLeOuf bets 1000
yannize calls 1000
*** SHOW DOWN ***
TyLeOuf shows [Jh 7h] (One pair : Jacks)
yannize shows [Kc Kh] (One pair : Kings)
yannize collected 9220 from pot
*** SUMMARY ***
Total pot 9220 | No rake
Board: [Ad 3s Js 2h 5h]
Seat 1: TyLeOuf (big blind) showed [Jh 7h] and lost with One pair : Jacks
Seat 4: yannize showed [Kc Kh] and won 9220 with One pair : Kings


Winamax Poker - Tournament "POPCORN" buyIn: 1.80€ + 0.20€ level: 10 - HandId: #873950768707665924-116-1502396040 - Holdem no limit (120/500/1000) - 2017/08/10 20:14:00 UTC
Table: 'POPCORN(203482520)#003' 6-max (real money) Seat #6 is the button
Seat 1: TyLeOuf (20810)
Seat 2: Mehrez70 (8640)
Seat 3: diegofcl15 (14156)
Seat 4: yannize (17810)
Seat 5: RaPtorBeT.bz (43038)
Seat 6: manggy94 (5546)
*** ANTE/BLINDS ***
TyLeOuf posts ante 120
Mehrez70 posts ante 120
diegofcl15 posts ante 120
yannize posts ante 120
RaPtorBeT.bz posts ante 120
manggy94 posts ante 120
TyLeOuf posts small blind 500
Mehrez70 posts big blind 1000
Dealt to manggy94 [Th Jd]
*** PRE-FLOP *** 
diegofcl15 raises 1250 to 2250
yannize folds
RaPtorBeT.bz raises 4500 to 6750
manggy94 folds
TyLeOuf folds
Mehrez70 folds
diegofcl15 raises 7286 to 14036 and is all-in
RaPtorBeT.bz calls 7286
*** FLOP *** [4s 8s 9s]
*** TURN *** [4s 8s 9s][6s]
*** RIVER *** [4s 8s 9s 6s][3d]
*** SHOW DOWN ***
RaPtorBeT.bz shows [Kh Kd] (One pair : Kings)
diegofcl15 shows [Ks Kc] (Flush King high)
diegofcl15 collected 30292 from pot
*** SUMMARY ***
Total pot 30292 | No rake
Board: [4s 8s 9s 6s 3d]
Seat 3: diegofcl15 showed [Ks Kc] and won 30292 with Flush King high
Seat 5: RaPtorBeT.bz showed [Kh Kd] and lost with One pair : Kings


Winamax Poker - Tournament "POPCORN" buyIn: 1.80€ + 0.20€ level: 10 - HandId: #873950768707665924-117-1502396100 - Holdem no limit (120/500/1000) - 2017/08/10 20:15:00 UTC
Table: 'POPCORN(203482520)#003' 6-max (real money) Seat #1 is the button
Seat 1: TyLeOuf (20190)
Seat 2: Mehrez70 (7520)
Seat 3: diegofcl15 (30292)
Seat 4: yannize (17690)
Seat 5: RaPtorBeT.bz (28882)
Seat 6: manggy94 (5426)
*** ANTE/BLINDS ***
Mehrez70 posts ante 120
diegofcl15 posts ante 120
TyLeOuf posts ante 120
yannize posts ante 120
RaPtorBeT.bz posts ante 120
manggy94 posts ante 120
Mehrez70 posts small blind 500
diegofcl15 posts big blind 1000
Dealt to manggy94 [5c As]
*** PRE-FLOP *** 
yannize folds
RaPtorBeT.bz raises 2000 to 3000
manggy94 folds
TyLeOuf folds
Mehrez70 folds
diegofcl15 folds
RaPtorBeT.bz collected 5220 from pot
*** SUMMARY ***
Total pot 5220 | No rake
Seat 5: RaPtorBeT.bz won 5220


Winamax Poker - Tournament "POPCORN" buyIn: 1.80€ + 0.20€ level: 10 - HandId: #873950768707665924-118-1502396121 - Holdem no limit (120/500/1000) - 2017/08/10 20:15:21 UTC
Table: 'POPCORN(203482520)#003' 6-max (real money) Seat #2 is the button
Seat 1: TyLeOuf (20070)
Seat 2: Mehrez70 (6900)
Seat 3: diegofcl15 (29172)
Seat 4: yannize (17570)
Seat 5: RaPtorBeT.bz (30982)
Seat 6: manggy94 (5306)
*** ANTE/BLINDS ***
diegofcl15 posts ante 120
yannize posts ante 120
TyLeOuf posts ante 120
Mehrez70 posts ante 120
RaPtorBeT.bz posts ante 120
manggy94 posts ante 120
diegofcl15 posts small blind 500
yannize posts big blind 1000
Dealt to manggy94 [4c 6d]
*** PRE-FLOP *** 
RaPtorBeT.bz folds
manggy94 folds
TyLeOuf folds
Mehrez70 raises 5780 to 6780 and is all-in
diegofcl15 folds
yannize raises 5780 to 12560
*** FLOP *** [Qc 5h 9c]
*** TURN *** [Qc 5h 9c][9s]
*** RIVER *** [Qc 5h 9c 9s][5s]
*** SHOW DOWN ***
Mehrez70 shows [7h 6h] (Two pairs : 9 and 5)
yannize shows [As Jd] (Two pairs : 9 and 5)
yannize collected 20560 from pot
*** SUMMARY ***
Total pot 20560 | No rake
Board: [Qc 5h 9c 9s 5s]
Seat 2: Mehrez70 (button) showed [7h 6h] and lost with Two pairs : 9 and 5
Seat 4: yannize (big blind) showed [As Jd] and won 20560 with Two pairs : 9 and 5


Winamax Poker - Tournament "POPCORN" buyIn: 1.80€ + 0.20€ level: 10 - HandId: #873950768707665924-119-1502396158 - Holdem no limit (120/500/1000) - 2017/08/10 20:15:58 UTC
Table: 'POPCORN(203482520)#003' 6-max (real money) Seat #3 is the button
Seat 1: TyLeOuf (19950)
Seat 3: diegofcl15 (28552)
Seat 4: yannize (25450)
Seat 5: RaPtorBeT.bz (30862)
Seat 6: manggy94 (5186)
*** ANTE/BLINDS ***
yannize posts ante 120
RaPtorBeT.bz posts ante 120
TyLeOuf posts ante 120
diegofcl15 posts ante 120
manggy94 posts ante 120
yannize posts small blind 500
RaPtorBeT.bz posts big blind 1000
Dealt to manggy94 [5h 9h]
*** PRE-FLOP *** 
manggy94 raises 4066 to 5066 and is all-in
TyLeOuf folds
diegofcl15 folds
yannize folds
RaPtorBeT.bz folds
manggy94 collected 7166 from pot
*** SUMMARY ***
Total pot 7166 | No rake
Seat 6: manggy94 won 7166


Winamax Poker - Tournament "POPCORN" buyIn: 1.80€ + 0.20€ level: 10 - HandId: #873950768707665924-120-1502396187 - Holdem no limit (120/500/1000) - 2017/08/10 20:16:27 UTC
Table: 'POPCORN(203482520)#003' 6-max (real money) Seat #4 is the button
Seat 1: TyLeOuf (19830)
Seat 2: FeELingGgood (10000)
Seat 3: diegofcl15 (28432)
Seat 4: yannize (24830)
Seat 5: RaPtorBeT.bz (29742)
Seat 6: manggy94 (7166)
*** ANTE/BLINDS ***
RaPtorBeT.bz posts ante 120
manggy94 posts ante 120
TyLeOuf posts ante 120
FeELingGgood posts ante 120
diegofcl15 posts ante 120
yannize posts ante 120
RaPtorBeT.bz posts small blind 500
manggy94 posts big blind 1000
Dealt to manggy94 [Th Kd]
*** PRE-FLOP *** 
TyLeOuf folds
FeELingGgood folds
diegofcl15 folds
yannize folds
RaPtorBeT.bz raises 28622 to 29622 and is all-in
manggy94 calls 6046 and is all-in
*** FLOP *** [Ts Jc 4h]
*** TURN *** [Ts Jc 4h][2h]
*** RIVER *** [Ts Jc 4h 2h][9c]
*** SHOW DOWN ***
RaPtorBeT.bz shows [As 7c] (High card : Ace)
manggy94 shows [Th Kd] (One pair : Tens)
manggy94 collected 14812 from main pot
RaPtorBeT.bz collected 22576 from side pot 1
*** SUMMARY ***
Total pot 37388 | No rake
Board: [Ts Jc 4h 2h 9c]
Seat 5: RaPtorBeT.bz (small blind) showed [As 7c] and won 22576 with High card : Ace
Seat 6: manggy94 (big blind) showed [Th Kd] and won 14812 with One pair : Tens


Winamax Poker - Tournament "POPCORN" buyIn: 1.80€ + 0.20€ level: 10 - HandId: #873950768707665924-121-1502396226 - Holdem no limit (120/500/1000) - 2017/08/10 20:17:06 UTC
Table: 'POPCORN(203482520)#003' 6-max (real money) Seat #5 is the button
Seat 1: TyLeOuf (19710)
Seat 2: FeELingGgood (9880)
Seat 3: diegofcl15 (28312)
Seat 4: yannize (24710)
Seat 5: RaPtorBeT.bz (22576)
Seat 6: manggy94 (14812)
*** ANTE/BLINDS ***
manggy94 posts ante 120
TyLeOuf posts ante 120
FeELingGgood posts ante 120
diegofcl15 posts ante 120
yannize posts ante 120
RaPtorBeT.bz posts ante 120
manggy94 posts small blind 500
TyLeOuf posts big blind 1000
Dealt to manggy94 [7c 5s]
*** PRE-FLOP *** 
FeELingGgood raises 1500 to 2500
diegofcl15 folds
yannize folds
RaPtorBeT.bz calls 2500
manggy94 folds
TyLeOuf calls 1500
*** FLOP *** [Jd 3s 6c]
TyLeOuf checks
FeELingGgood checks
RaPtorBeT.bz bets 8720
TyLeOuf folds
FeELingGgood folds
RaPtorBeT.bz collected 17440 from pot
*** SUMMARY ***
Total pot 17440 | No rake
Board: [Jd 3s 6c]
Seat 5: RaPtorBeT.bz (button) won 17440


Winamax Poker - Tournament "POPCORN" buyIn: 1.80€ + 0.20€ level: 10 - HandId: #873950768707665924-122-1502396271 - Holdem no limit (120/500/1000) - 2017/08/10 20:17:51 UTC
Table: 'POPCORN(203482520)#003' 6-max (real money) Seat #6 is the button
Seat 1: TyLeOuf (17090)
Seat 2: FeELingGgood (7260)
Seat 3: diegofcl15 (28192)
Seat 4: yannize (24590)
Seat 5: RaPtorBeT.bz (28676)
Seat 6: manggy94 (14192)
*** ANTE/BLINDS ***
TyLeOuf posts ante 120
FeELingGgood posts ante 120
diegofcl15 posts ante 120
yannize posts ante 120
RaPtorBeT.bz posts ante 120
manggy94 posts ante 120
TyLeOuf posts small blind 500
FeELingGgood posts big blind 1000
Dealt to manggy94 [8d Tc]
*** PRE-FLOP *** 
diegofcl15 folds
yannize folds
RaPtorBeT.bz raises 1600 to 2600
manggy94 folds
TyLeOuf calls 2100
FeELingGgood folds
*** FLOP *** [5s Th Ah]
TyLeOuf bets 1000
RaPtorBeT.bz calls 1000
*** TURN *** [5s Th Ah][Kh]
TyLeOuf bets 13370 and is all-in
RaPtorBeT.bz folds
TyLeOuf collected 22290 from pot
*** SUMMARY ***
Total pot 22290 | No rake
Board: [5s Th Ah Kh]
Seat 1: TyLeOuf (small blind) won 22290


Winamax Poker - Tournament "POPCORN" buyIn: 1.80€ + 0.20€ level: 10 - HandId: #873950768707665924-123-1502396303 - Holdem no limit (120/500/1000) - 2017/08/10 20:18:23 UTC
Table: 'POPCORN(203482520)#003' 6-max (real money) Seat #1 is the button
Seat 1: TyLeOuf (22290)
Seat 2: FeELingGgood (6140)
Seat 3: diegofcl15 (28072)
Seat 4: yannize (24470)
Seat 5: RaPtorBeT.bz (24956)
Seat 6: manggy94 (14072)
*** ANTE/BLINDS ***
FeELingGgood posts ante 120
diegofcl15 posts ante 120
TyLeOuf posts ante 120
yannize posts ante 120
RaPtorBeT.bz posts ante 120
manggy94 posts ante 120
FeELingGgood posts small blind 500
diegofcl15 posts big blind 1000
Dealt to manggy94 [2c Th]
*** PRE-FLOP *** 
yannize folds
RaPtorBeT.bz raises 23836 to 24836 and is all-in
manggy94 folds
TyLeOuf folds
FeELingGgood folds
diegofcl15 folds
RaPtorBeT.bz collected 27056 from pot
*** SUMMARY ***
Total pot 27056 | No rake
Seat 5: RaPtorBeT.bz won 27056


Winamax Poker - Tournament "POPCORN" buyIn: 1.80€ + 0.20€ level: 10 - HandId: #873950768707665924-124-1502396331 - Holdem no limit (120/500/1000) - 2017/08/10 20:18:51 UTC
Table: 'POPCORN(203482520)#003' 6-max (real money) Seat #2 is the button
Seat 1: TyLeOuf (22170)
Seat 2: FeELingGgood (5520)
Seat 3: diegofcl15 (26952)
Seat 4: yannize (24350)
Seat 5: RaPtorBeT.bz (27056)
Seat 6: manggy94 (13952)
*** ANTE/BLINDS ***
diegofcl15 posts ante 120
yannize posts ante 120
TyLeOuf posts ante 120
FeELingGgood posts ante 120
RaPtorBeT.bz posts ante 120
manggy94 posts ante 120
diegofcl15 posts small blind 500
yannize posts big blind 1000
Dealt to manggy94 [7h 6c]
*** PRE-FLOP *** 
RaPtorBeT.bz folds
manggy94 folds
TyLeOuf folds
FeELingGgood raises 4400 to 5400 and is all-in
diegofcl15 folds
yannize folds
FeELingGgood collected 7620 from pot
*** SUMMARY ***
Total pot 7620 | No rake
Seat 2: FeELingGgood (button) won 7620


Winamax Poker - Tournament "POPCORN" buyIn: 1.80€ + 0.20€ level: 10 - HandId: #873950768707665924-125-1502396358 - Holdem no limit (120/500/1000) - 2017/08/10 20:19:18 UTC
Table: 'POPCORN(203482520)#003' 6-max (real money) Seat #3 is the button
Seat 1: TyLeOuf (22050)
Seat 2: FeELingGgood (7620)
Seat 3: diegofcl15 (26332)
Seat 4: yannize (23230)
Seat 5: RaPtorBeT.bz (26936)
Seat 6: manggy94 (13832)
*** ANTE/BLINDS ***
yannize posts ante 120
RaPtorBeT.bz posts ante 120
TyLeOuf posts ante 120
FeELingGgood posts ante 120
diegofcl15 posts ante 120
manggy94 posts ante 120
yannize posts small blind 500
RaPtorBeT.bz posts big blind 1000
Dealt to manggy94 [Ks Jd]
*** PRE-FLOP *** 
manggy94 raises 1000 to 2000
TyLeOuf folds
FeELingGgood folds
diegofcl15 folds
yannize folds
RaPtorBeT.bz folds
manggy94 collected 4220 from pot
*** SUMMARY ***
Total pot 4220 | No rake
Seat 6: manggy94 won 4220


Winamax Poker - Tournament "POPCORN" buyIn: 1.80€ + 0.20€ level: 10 - HandId: #873950768707665924-126-1502396381 - Holdem no limit (120/500/1000) - 2017/08/10 20:19:41 UTC
Table: 'POPCORN(203482520)#003' 6-max (real money) Seat #4 is the button
Seat 1: TyLeOuf (21930)
Seat 2: FeELingGgood (7500)
Seat 3: diegofcl15 (26212)
Seat 4: yannize (22610)
Seat 5: RaPtorBeT.bz (25816)
Seat 6: manggy94 (15932)
*** ANTE/BLINDS ***
RaPtorBeT.bz posts ante 120
manggy94 posts ante 120
TyLeOuf posts ante 120
FeELingGgood posts ante 120
diegofcl15 posts ante 120
yannize posts ante 120
RaPtorBeT.bz posts small blind 500
manggy94 posts big blind 1000
Dealt to manggy94 [Qc 4h]
*** PRE-FLOP *** 
TyLeOuf folds
FeELingGgood folds
diegofcl15 folds
yannize folds
RaPtorBeT.bz folds
manggy94 collected 2220 from pot
*** SUMMARY ***
Total pot 2220 | No rake
Seat 6: manggy94 (big blind) won 2220


Winamax Poker - Tournament "POPCORN" buyIn: 1.80€ + 0.20€ level: 10 - HandId: #873950768707665924-127-1502396394 - Holdem no limit (120/500/1000) - 2017/08/10 20:19:54 UTC
Table: 'POPCORN(203482520)#003' 6-max (real money) Seat #5 is the button
Seat 1: TyLeOuf (21810)
Seat 2: FeELingGgood (7380)
Seat 3: diegofcl15 (26092)
Seat 4: yannize (22490)
Seat 5: RaPtorBeT.bz (25196)
Seat 6: manggy94 (17032)
*** ANTE/BLINDS ***
manggy94 posts ante 120
TyLeOuf posts ante 120
FeELingGgood posts ante 120
diegofcl15 posts ante 120
yannize posts ante 120
RaPtorBeT.bz posts ante 120
manggy94 posts small blind 500
TyLeOuf posts big blind 1000
Dealt to manggy94 [8h 2c]
*** PRE-FLOP *** 
FeELingGgood raises 6260 to 7260 and is all-in
diegofcl15 folds
yannize folds
RaPtorBeT.bz folds
manggy94 folds
TyLeOuf folds
FeELingGgood collected 9480 from pot
*** SUMMARY ***
Total pot 9480 | No rake
Seat 2: FeELingGgood won 9480


Winamax Poker - Tournament "POPCORN" buyIn: 1.80€ + 0.20€ level: 11 - HandId: #873950768707665924-128-1502396431 - Holdem no limit (160/600/1200) - 2017/08/10 20:20:31 UTC
Table: 'POPCORN(203482520)#003' 6-max (real money) Seat #6 is the button
Seat 1: TyLeOuf (20690)
Seat 2: FeELingGgood (9480)
Seat 3: diegofcl15 (25972)
Seat 4: yannize (22370)
Seat 5: RaPtorBeT.bz (25076)
Seat 6: manggy94 (16412)
*** ANTE/BLINDS ***
TyLeOuf posts ante 160
FeELingGgood posts ante 160
diegofcl15 posts ante 160
yannize posts ante 160
RaPtorBeT.bz posts ante 160
manggy94 posts ante 160
TyLeOuf posts small blind 600
FeELingGgood posts big blind 1200
Dealt to manggy94 [Kd 3h]
*** PRE-FLOP *** 
diegofcl15 raises 1500 to 2700
yannize folds
RaPtorBeT.bz folds
manggy94 folds
TyLeOuf calls 2100
FeELingGgood raises 6620 to 9320 and is all-in
diegofcl15 raises 16492 to 25812 and is all-in
TyLeOuf folds
*** FLOP *** [Kc Ks 6h]
*** TURN *** [Kc Ks 6h][7d]
*** RIVER *** [Kc Ks 6h 7d][2h]
*** SHOW DOWN ***
FeELingGgood shows [Ah Js] (One pair : Kings)
diegofcl15 shows [Qh Ac] (One pair : Kings)
diegofcl15 collected 38792 from pot
*** SUMMARY ***
Total pot 38792 | No rake
Board: [Kc Ks 6h 7d 2h]
Seat 2: FeELingGgood (big blind) showed [Ah Js] and lost with One pair : Kings
Seat 3: diegofcl15 showed [Qh Ac] and won 38792 with One pair : Kings


Winamax Poker - Tournament "POPCORN" buyIn: 1.80€ + 0.20€ level: 11 - HandId: #873950768707665924-129-1502396481 - Holdem no limit (160/600/1200) - 2017/08/10 20:21:21 UTC
Table: 'POPCORN(203482520)#003' 6-max (real money) Seat #1 is the button
Seat 1: TyLeOuf (17830)
Seat 3: diegofcl15 (38792)
Seat 4: yannize (22210)
Seat 5: RaPtorBeT.bz (24916)
Seat 6: manggy94 (16252)
*** ANTE/BLINDS ***
diegofcl15 posts ante 160
TyLeOuf posts ante 160
yannize posts ante 160
RaPtorBeT.bz posts ante 160
manggy94 posts ante 160
diegofcl15 posts big blind 1200
Dealt to manggy94 [Kc 3c]
*** PRE-FLOP *** 
yannize raises 1200 to 2400
RaPtorBeT.bz folds
manggy94 folds
TyLeOuf raises 4800 to 7200
diegofcl15 folds
yannize raises 14850 to 22050 and is all-in
TyLeOuf calls 10470 and is all-in
*** FLOP *** [9d As 7c]
*** TURN *** [9d As 7c][Ac]
*** RIVER *** [9d As 7c Ac][Ah]
*** SHOW DOWN ***
TyLeOuf shows [Jd Jh] (Full of Aces and Jacks)
yannize shows [Td Th] (Full of Aces and Tens)
yannize collected 4380 from side pot 1
TyLeOuf collected 37340 from main pot
*** SUMMARY ***
Total pot 41720 | No rake
Board: [9d As 7c Ac Ah]
Seat 1: TyLeOuf (button) showed [Jd Jh] and won 37340 with Full of Aces and Jacks
Seat 4: yannize showed [Td Th] and won 4380 with Full of Aces and Tens


Winamax Poker - Tournament "POPCORN" buyIn: 1.80€ + 0.20€ level: 11 - HandId: #873950768707665924-130-1502396531 - Holdem no limit (160/600/1200) - 2017/08/10 20:22:11 UTC
Table: 'POPCORN(203482520)#003' 6-max (real money) Seat #2 is the button
Seat 1: TyLeOuf (37340)
Seat 2: Vivin82 (26428)
Seat 3: diegofcl15 (37432)
Seat 4: yannize (4380)
Seat 5: RaPtorBeT.bz (24756)
Seat 6: manggy94 (16092)
*** ANTE/BLINDS ***
diegofcl15 posts ante 160
yannize posts ante 160
TyLeOuf posts ante 160
RaPtorBeT.bz posts ante 160
manggy94 posts ante 160
diegofcl15 posts small blind 600
yannize posts big blind 1200
Dealt to manggy94 [4s 4h]
*** PRE-FLOP *** 
RaPtorBeT.bz folds
manggy94 calls 1200
TyLeOuf calls 1200
diegofcl15 calls 600
yannize checks
*** FLOP *** [Jh Qd 8h]
diegofcl15 checks
yannize bets 3020 and is all-in
manggy94 folds
TyLeOuf folds
diegofcl15 folds
yannize collected 8620 from pot
*** SUMMARY ***
Total pot 8620 | No rake
Board: [Jh Qd 8h]
Seat 4: yannize (big blind) won 8620


Winamax Poker - Tournament "POPCORN" buyIn: 1.80€ + 0.20€ level: 11 - HandId: #873950768707665924-131-1502396579 - Holdem no limit (160/600/1200) - 2017/08/10 20:22:59 UTC
Table: 'POPCORN(203482520)#003' 6-max (real money) Seat #3 is the button
Seat 1: TyLeOuf (35980)
Seat 2: Vivin82 (26428)
Seat 3: diegofcl15 (36072)
Seat 4: yannize (8620)
Seat 5: RaPtorBeT.bz (24596)
Seat 6: manggy94 (14732)
*** ANTE/BLINDS ***
yannize posts ante 160
RaPtorBeT.bz posts ante 160
TyLeOuf posts ante 160
Vivin82 posts ante 160
diegofcl15 posts ante 160
manggy94 posts ante 160
yannize posts small blind 600
RaPtorBeT.bz posts big blind 1200
Dealt to manggy94 [5s 2d]
*** PRE-FLOP *** 
manggy94 folds
TyLeOuf folds
Vivin82 raises 1956 to 3156
diegofcl15 folds
yannize folds
RaPtorBeT.bz folds
Vivin82 collected 5916 from pot
*** SUMMARY ***
Total pot 5916 | No rake
Seat 2: Vivin82 won 5916


Winamax Poker - Tournament "POPCORN" buyIn: 1.80€ + 0.20€ level: 11 - HandId: #873950768707665924-132-1502396621 - Holdem no limit (160/600/1200) - 2017/08/10 20:23:41 UTC
Table: 'POPCORN(203482520)#003' 6-max (real money) Seat #4 is the button
Seat 1: TyLeOuf (35820)
Seat 2: Vivin82 (29028)
Seat 3: diegofcl15 (35912)
Seat 4: yannize (7860)
Seat 5: RaPtorBeT.bz (23236)
Seat 6: manggy94 (14572)
*** ANTE/BLINDS ***
RaPtorBeT.bz posts ante 160
manggy94 posts ante 160
TyLeOuf posts ante 160
Vivin82 posts ante 160
diegofcl15 posts ante 160
yannize posts ante 160
RaPtorBeT.bz posts small blind 600
manggy94 posts big blind 1200
Dealt to manggy94 [5d 8h]
*** PRE-FLOP *** 
TyLeOuf calls 1200
Vivin82 folds
diegofcl15 folds
yannize folds
RaPtorBeT.bz folds
manggy94 checks
*** FLOP *** [7s 9d Js]
manggy94 checks
TyLeOuf bets 3960
manggy94 folds
TyLeOuf collected 7920 from pot
*** SUMMARY ***
Total pot 7920 | No rake
Board: [7s 9d Js]
Seat 1: TyLeOuf won 7920


Winamax Poker - Tournament "POPCORN" buyIn: 1.80€ + 0.20€ level: 11 - HandId: #873950768707665924-133-1502396666 - Holdem no limit (160/600/1200) - 2017/08/10 20:24:26 UTC
Table: 'POPCORN(203482520)#003' 6-max (real money) Seat #5 is the button
Seat 1: TyLeOuf (38420)
Seat 2: Vivin82 (28868)
Seat 3: diegofcl15 (35752)
Seat 4: yannize (7700)
Seat 5: RaPtorBeT.bz (22476)
Seat 6: manggy94 (13212)
*** ANTE/BLINDS ***
manggy94 posts ante 160
TyLeOuf posts ante 160
Vivin82 posts ante 160
diegofcl15 posts ante 160
yannize posts ante 160
RaPtorBeT.bz posts ante 160
manggy94 posts small blind 600
TyLeOuf posts big blind 1200
Dealt to manggy94 [2c Td]
*** PRE-FLOP *** 
Vivin82 folds
diegofcl15 folds
yannize raises 6340 to 7540 and is all-in
RaPtorBeT.bz folds
manggy94 folds
TyLeOuf calls 6340
*** FLOP *** [Qs 8d 4c]
*** TURN *** [Qs 8d 4c][4s]
*** RIVER *** [Qs 8d 4c 4s][2d]
*** SHOW DOWN ***
TyLeOuf shows [Th Kh] (One pair : 4)
yannize shows [3d As] (One pair : 4)
yannize collected 16640 from pot
*** SUMMARY ***
Total pot 16640 | No rake
Board: [Qs 8d 4c 4s 2d]
Seat 1: TyLeOuf (big blind) showed [Th Kh] and lost with One pair : 4
Seat 4: yannize showed [3d As] and won 16640 with One pair : 4


Winamax Poker - Tournament "POPCORN" buyIn: 1.80€ + 0.20€ level: 11 - HandId: #873950768707665924-134-1502396699 - Holdem no limit (160/600/1200) - 2017/08/10 20:24:59 UTC
Table: 'POPCORN(203482520)#003' 6-max (real money) Seat #6 is the button
Seat 1: TyLeOuf (30720)
Seat 2: Vivin82 (28708)
Seat 3: diegofcl15 (35592)
Seat 4: yannize (16640)
Seat 5: RaPtorBeT.bz (22316)
Seat 6: manggy94 (12452)
*** ANTE/BLINDS ***
TyLeOuf posts ante 160
Vivin82 posts ante 160
diegofcl15 posts ante 160
yannize posts ante 160
RaPtorBeT.bz posts ante 160
manggy94 posts ante 160
TyLeOuf posts small blind 600
Vivin82 posts big blind 1200
Dealt to manggy94 [3c 5h]
*** PRE-FLOP *** 
diegofcl15 folds
yannize folds
RaPtorBeT.bz folds
manggy94 folds
TyLeOuf folds
Vivin82 collected 2760 from pot
*** SUMMARY ***
Total pot 2760 | No rake
Seat 2: Vivin82 (big blind) won 2760


Winamax Poker - Tournament "POPCORN" buyIn: 1.80€ + 0.20€ level: 11 - HandId: #873950768707665924-135-1502396716 - Holdem no limit (160/600/1200) - 2017/08/10 20:25:16 UTC
Table: 'POPCORN(203482520)#003' 6-max (real money) Seat #1 is the button
Seat 1: TyLeOuf (29960)
Seat 2: Vivin82 (30108)
Seat 3: diegofcl15 (35432)
Seat 4: yannize (16480)
Seat 5: RaPtorBeT.bz (22156)
Seat 6: manggy94 (12292)
*** ANTE/BLINDS ***
Vivin82 posts ante 160
diegofcl15 posts ante 160
TyLeOuf posts ante 160
yannize posts ante 160
RaPtorBeT.bz posts ante 160
manggy94 posts ante 160
Vivin82 posts small blind 600
diegofcl15 posts big blind 1200
Dealt to manggy94 [2c 7d]
*** PRE-FLOP *** 
yannize folds
RaPtorBeT.bz raises 2400 to 3600
manggy94 folds
TyLeOuf folds
Vivin82 folds
diegofcl15 folds
RaPtorBeT.bz collected 6360 from pot
*** SUMMARY ***
Total pot 6360 | No rake
Seat 5: RaPtorBeT.bz won 6360


Winamax Poker - Tournament "POPCORN" buyIn: 1.80€ + 0.20€ level: 11 - HandId: #873950768707665924-136-1502396763 - Holdem no limit (160/600/1200) - 2017/08/10 20:26:03 UTC
Table: 'POPCORN(203482520)#003' 6-max (real money) Seat #2 is the button
Seat 1: TyLeOuf (29800)
Seat 2: Vivin82 (29348)
Seat 3: diegofcl15 (34072)
Seat 4: yannize (16320)
Seat 5: RaPtorBeT.bz (24756)
Seat 6: manggy94 (12132)
*** ANTE/BLINDS ***
diegofcl15 posts ante 160
yannize posts ante 160
TyLeOuf posts ante 160
Vivin82 posts ante 160
RaPtorBeT.bz posts ante 160
manggy94 posts ante 160
diegofcl15 posts small blind 600
yannize posts big blind 1200
Dealt to manggy94 [4d 2c]
*** PRE-FLOP *** 
RaPtorBeT.bz folds
manggy94 folds
TyLeOuf raises 1200 to 2400
Vivin82 folds
diegofcl15 folds
yannize calls 1200
*** FLOP *** [Td 5h 2s]
yannize checks
TyLeOuf checks
*** TURN *** [Td 5h 2s][7s]
yannize checks
TyLeOuf checks
*** RIVER *** [Td 5h 2s 7s][3d]
yannize checks
TyLeOuf checks
*** SHOW DOWN ***
TyLeOuf shows [Kc 4c] (High card : King)
yannize shows [Ah Qs] (High card : Ace)
yannize collected 6360 from pot
*** SUMMARY ***
Total pot 6360 | No rake
Board: [Td 5h 2s 7s 3d]
Seat 1: TyLeOuf showed [Kc 4c] and lost with High card : King
Seat 4: yannize (big blind) showed [Ah Qs] and won 6360 with High card : Ace


Winamax Poker - Tournament "POPCORN" buyIn: 1.80€ + 0.20€ level: 11 - HandId: #873950768707665924-137-1502396854 - Holdem no limit (160/600/1200) - 2017/08/10 20:27:34 UTC
Table: 'POPCORN(203482520)#003' 6-max (real money) Seat #3 is the button
Seat 1: TyLeOuf (27240)
Seat 2: Vivin82 (29188)
Seat 3: diegofcl15 (33312)
Seat 4: yannize (20120)
Seat 5: RaPtorBeT.bz (24596)
Seat 6: manggy94 (11972)
*** ANTE/BLINDS ***
yannize posts ante 160
RaPtorBeT.bz posts ante 160
TyLeOuf posts ante 160
Vivin82 posts ante 160
diegofcl15 posts ante 160
manggy94 posts ante 160
yannize posts small blind 600
RaPtorBeT.bz posts big blind 1200
Dealt to manggy94 [6s Qd]
*** PRE-FLOP *** 
manggy94 folds
TyLeOuf calls 1200
Vivin82 raises 2760 to 3960
diegofcl15 folds
yannize folds
RaPtorBeT.bz folds
TyLeOuf calls 2760
*** FLOP *** [Th 2c 2h]
TyLeOuf checks
Vivin82 bets 4913
TyLeOuf folds
Vivin82 collected 15593 from pot
*** SUMMARY ***
Total pot 15593 | No rake
Board: [Th 2c 2h]
Seat 2: Vivin82 won 15593


Winamax Poker - Tournament "POPCORN" buyIn: 1.80€ + 0.20€ level: 11 - HandId: #873950768707665924-138-1502396907 - Holdem no limit (160/600/1200) - 2017/08/10 20:28:27 UTC
Table: 'POPCORN(203482520)#003' 6-max (real money) Seat #4 is the button
Seat 1: TyLeOuf (23120)
Seat 2: Vivin82 (35748)
Seat 3: diegofcl15 (33152)
Seat 4: yannize (19360)
Seat 5: RaPtorBeT.bz (23236)
Seat 6: manggy94 (11812)
*** ANTE/BLINDS ***
RaPtorBeT.bz posts ante 160
manggy94 posts ante 160
TyLeOuf posts ante 160
Vivin82 posts ante 160
diegofcl15 posts ante 160
yannize posts ante 160
RaPtorBeT.bz posts small blind 600
manggy94 posts big blind 1200
Dealt to manggy94 [7c As]
*** PRE-FLOP *** 
TyLeOuf calls 1200
Vivin82 folds
diegofcl15 folds
yannize calls 1200
RaPtorBeT.bz calls 600
manggy94 checks
*** FLOP *** [Ks Th Kh]
RaPtorBeT.bz checks
manggy94 checks
TyLeOuf checks
yannize bets 2880
RaPtorBeT.bz folds
manggy94 folds
TyLeOuf folds
yannize collected 8640 from pot
*** SUMMARY ***
Total pot 8640 | No rake
Board: [Ks Th Kh]
Seat 4: yannize (button) won 8640


Winamax Poker - Tournament "POPCORN" buyIn: 1.80€ + 0.20€ level: 11 - HandId: #873950768707665924-139-1502396970 - Holdem no limit (160/600/1200) - 2017/08/10 20:29:30 UTC
Table: 'POPCORN(203482520)#003' 6-max (real money) Seat #5 is the button
Seat 1: TyLeOuf (21760)
Seat 2: Vivin82 (35588)
Seat 3: diegofcl15 (32992)
Seat 4: yannize (23760)
Seat 5: RaPtorBeT.bz (21876)
Seat 6: manggy94 (10452)
*** ANTE/BLINDS ***
manggy94 posts ante 160
TyLeOuf posts ante 160
Vivin82 posts ante 160
diegofcl15 posts ante 160
yannize posts ante 160
RaPtorBeT.bz posts ante 160
manggy94 posts small blind 600
TyLeOuf posts big blind 1200
Dealt to manggy94 [2d 9d]
*** PRE-FLOP *** 
Vivin82 folds
diegofcl15 raises 1500 to 2700
yannize folds
RaPtorBeT.bz folds
manggy94 folds
TyLeOuf calls 1500
*** FLOP *** [6d 9s 3d]
TyLeOuf checks
diegofcl15 bets 3000
TyLeOuf folds
diegofcl15 collected 9960 from pot
*** SUMMARY ***
Total pot 9960 | No rake
Board: [6d 9s 3d]
Seat 3: diegofcl15 won 9960


Winamax Poker - Tournament "POPCORN" buyIn: 1.80€ + 0.20€ level: 12 - HandId: #873950768707665924-140-1502397009 - Holdem no limit (200/800/1600) - 2017/08/10 20:30:09 UTC
Table: 'POPCORN(203482520)#003' 6-max (real money) Seat #6 is the button
Seat 1: TyLeOuf (18900)
Seat 2: Vivin82 (35428)
Seat 3: diegofcl15 (37092)
Seat 4: yannize (23600)
Seat 5: RaPtorBeT.bz (21716)
Seat 6: manggy94 (9692)
*** ANTE/BLINDS ***
TyLeOuf posts ante 200
Vivin82 posts ante 200
diegofcl15 posts ante 200
yannize posts ante 200
RaPtorBeT.bz posts ante 200
manggy94 posts ante 200
TyLeOuf posts small blind 800
Vivin82 posts big blind 1600
Dealt to manggy94 [3h Kc]
*** PRE-FLOP *** 
diegofcl15 folds
yannize folds
RaPtorBeT.bz folds
manggy94 raises 1600 to 3200
TyLeOuf calls 2400
Vivin82 folds
*** FLOP *** [6h Qh 8d]
TyLeOuf bets 15500 and is all-in
manggy94 folds
TyLeOuf collected 24700 from pot
*** SUMMARY ***
Total pot 24700 | No rake
Board: [6h Qh 8d]
Seat 1: TyLeOuf (small blind) won 24700


Winamax Poker - Tournament "POPCORN" buyIn: 1.80€ + 0.20€ level: 12 - HandId: #873950768707665924-141-1502397065 - Holdem no limit (200/800/1600) - 2017/08/10 20:31:05 UTC
Table: 'POPCORN(203482520)#003' 6-max (real money) Seat #1 is the button
Seat 1: TyLeOuf (24700)
Seat 2: Vivin82 (33628)
Seat 3: diegofcl15 (36892)
Seat 4: yannize (23400)
Seat 5: RaPtorBeT.bz (21516)
Seat 6: manggy94 (6292)
*** ANTE/BLINDS ***
Vivin82 posts ante 200
diegofcl15 posts ante 200
TyLeOuf posts ante 200
yannize posts ante 200
RaPtorBeT.bz posts ante 200
manggy94 posts ante 200
Vivin82 posts small blind 800
diegofcl15 posts big blind 1600
Dealt to manggy94 [Qd 2c]
*** PRE-FLOP *** 
yannize folds
RaPtorBeT.bz folds
manggy94 folds
TyLeOuf folds
Vivin82 folds
diegofcl15 collected 3600 from pot
*** SUMMARY ***
Total pot 3600 | No rake
Seat 3: diegofcl15 (big blind) won 3600


Winamax Poker - Tournament "POPCORN" buyIn: 1.80€ + 0.20€ level: 12 - HandId: #873950768707665924-142-1502397080 - Holdem no limit (200/800/1600) - 2017/08/10 20:31:20 UTC
Table: 'POPCORN(203482520)#003' 6-max (real money) Seat #2 is the button
Seat 1: TyLeOuf (24500)
Seat 2: Vivin82 (32628)
Seat 3: diegofcl15 (38692)
Seat 4: yannize (23200)
Seat 5: RaPtorBeT.bz (21316)
Seat 6: manggy94 (6092)
*** ANTE/BLINDS ***
diegofcl15 posts ante 200
yannize posts ante 200
TyLeOuf posts ante 200
Vivin82 posts ante 200
RaPtorBeT.bz posts ante 200
manggy94 posts ante 200
diegofcl15 posts small blind 800
yannize posts big blind 1600
Dealt to manggy94 [2c Kd]
*** PRE-FLOP *** 
RaPtorBeT.bz folds
manggy94 folds
TyLeOuf folds
Vivin82 folds
diegofcl15 raises 2400 to 4000
yannize folds
diegofcl15 collected 6800 from pot
*** SUMMARY ***
Total pot 6800 | No rake
Seat 3: diegofcl15 (small blind) won 6800


Winamax Poker - Tournament "POPCORN" buyIn: 1.80€ + 0.20€ level: 12 - HandId: #873950768707665924-143-1502397131 - Holdem no limit (200/800/1600) - 2017/08/10 20:32:11 UTC
Table: 'POPCORN(203482520)#003' 6-max (real money) Seat #3 is the button
Seat 1: TyLeOuf (24300)
Seat 2: Vivin82 (32428)
Seat 3: diegofcl15 (41292)
Seat 4: yannize (21400)
Seat 5: RaPtorBeT.bz (21116)
Seat 6: manggy94 (5892)
*** ANTE/BLINDS ***
yannize posts ante 200
RaPtorBeT.bz posts ante 200
TyLeOuf posts ante 200
Vivin82 posts ante 200
diegofcl15 posts ante 200
manggy94 posts ante 200
yannize posts small blind 800
RaPtorBeT.bz posts big blind 1600
Dealt to manggy94 [7s Qc]
*** PRE-FLOP *** 
manggy94 folds
TyLeOuf calls 1600
Vivin82 folds
diegofcl15 raises 3200 to 4800
yannize folds
RaPtorBeT.bz folds
TyLeOuf calls 3200
*** FLOP *** [3s 6c Jd]
TyLeOuf checks
diegofcl15 bets 4800
TyLeOuf raises 14500 to 19300 and is all-in
diegofcl15 folds
TyLeOuf shows [9h Ts] (High card : Jack)
TyLeOuf collected 37300 from pot
*** SUMMARY ***
Total pot 37300 | No rake
Board: [3s 6c Jd]
Seat 1: TyLeOuf showed [9h Ts] and won 37300 with High card : Jack


Winamax Poker - Tournament "POPCORN" buyIn: 1.80€ + 0.20€ level: 12 - HandId: #873950768707665924-144-1502397178 - Holdem no limit (200/800/1600) - 2017/08/10 20:32:58 UTC
Table: 'POPCORN(203482520)#003' 6-max (real money) Seat #4 is the button
Seat 1: TyLeOuf (37300)
Seat 2: Vivin82 (32228)
Seat 3: diegofcl15 (31492)
Seat 4: yannize (20400)
Seat 5: RaPtorBeT.bz (19316)
Seat 6: manggy94 (5692)
*** ANTE/BLINDS ***
RaPtorBeT.bz posts ante 200
manggy94 posts ante 200
TyLeOuf posts ante 200
Vivin82 posts ante 200
diegofcl15 posts ante 200
yannize posts ante 200
RaPtorBeT.bz posts small blind 800
manggy94 posts big blind 1600
Dealt to manggy94 [2s As]
*** PRE-FLOP *** 
TyLeOuf folds
Vivin82 raises 2608 to 4208
diegofcl15 folds
yannize folds
RaPtorBeT.bz folds
manggy94 calls 2608
*** FLOP *** [8d 6c Th]
manggy94 bets 1284 and is all-in
Vivin82 calls 1284
*** TURN *** [8d 6c Th][Ks]
*** RIVER *** [8d 6c Th Ks][3d]
*** SHOW DOWN ***
manggy94 shows [2s As] (High card : Ace)
Vivin82 shows [Js Ah] (High card : Ace)
Vivin82 collected 12984 from pot
*** SUMMARY ***
Total pot 12984 | No rake
Board: [8d 6c Th Ks 3d]
Seat 2: Vivin82 showed [Js Ah] and won 12984 with High card : Ace
Seat 6: manggy94 (big blind) showed [2s As] and lost with High card : Ace


