Winamax Poker - Tournament "Freeroll" buyIn: 0€ + 0€ level: 3 - HandId: #882744164490412225-6-1504170516 - Holdem no limit (5/20/40) - 2017/08/31 09:08:36 UTC
Table: 'Freeroll(205529892)#192' 8-max (real money) Seat #2 is the button
Seat 1: __LEGEND__ (2936)
Seat 2: manggy94 (3000)
Seat 3: longuet 831 (9614)
Seat 4: cyr25000 (6203)
Seat 5: Ninja06400 (3103)
Seat 6: FR..MONTANA (2371)
Seat 7: sylucky (2773)
Seat 8: XxKALIxX (3000)
*** ANTE/BLINDS ***
longuet 831 posts ante 5
cyr25000 posts ante 5
__LEGEND__ posts ante 5
Ninja06400 posts ante 5
FR..MONTANA posts ante 5
sylucky posts ante 5
XxKALIxX posts ante 5
longuet 831 posts small blind 20
cyr25000 posts big blind 40
*** PRE-FLOP *** 
Ninja06400 raises 3058 to 3098 and is all-in
FR..MONTANA folds
sylucky folds
XxKALIxX folds
__LEGEND__ folds
longuet 831 folds
cyr25000 folds
Ninja06400 collected 3193 from pot
*** SUMMARY ***
Total pot 3193 | No rake
Seat 5: Ninja06400 won 3193


Winamax Poker - Tournament "Freeroll" buyIn: 0€ + 0€ level: 3 - HandId: #882744164490412225-7-1504170530 - Holdem no limit (5/20/40) - 2017/08/31 09:08:50 UTC
Table: 'Freeroll(205529892)#192' 8-max (real money) Seat #3 is the button
Seat 1: __LEGEND__ (2931)
Seat 2: manggy94 (3000)
Seat 3: longuet 831 (9589)
Seat 4: cyr25000 (6158)
Seat 5: Ninja06400 (3193)
Seat 6: FR..MONTANA (2366)
Seat 7: sylucky (2768)
Seat 8: XxKALIxX (2995)
*** ANTE/BLINDS ***
cyr25000 posts ante 5
Ninja06400 posts ante 5
__LEGEND__ posts ante 5
manggy94 posts ante 5
longuet 831 posts ante 5
FR..MONTANA posts ante 5
sylucky posts ante 5
XxKALIxX posts ante 5
cyr25000 posts small blind 20
Ninja06400 posts big blind 40
Dealt to manggy94 [2s 2h]
*** PRE-FLOP *** 
FR..MONTANA folds
sylucky calls 40
XxKALIxX folds
__LEGEND__ raises 40 to 80
manggy94 folds
longuet 831 calls 80
cyr25000 calls 60
Ninja06400 raises 3108 to 3188 and is all-in
sylucky folds
__LEGEND__ calls 2846 and is all-in
longuet 831 calls 3108
cyr25000 folds
*** FLOP *** [Ac 4d 8c]
*** TURN *** [Ac 4d 8c][Jc]
*** RIVER *** [Ac 4d 8c Jc][8s]
*** SHOW DOWN ***
__LEGEND__ shows [Jd Kh] (Two pairs : Jacks and 8)
Ninja06400 shows [Qc 9d] (One pair : 8)
longuet 831 shows [Ah 6d] (Two pairs : Aces and 8)
longuet 831 collected 9462 from pot
*** SUMMARY ***
Total pot 9462 | No rake
Board: [Ac 4d 8c Jc 8s]
Seat 1: __LEGEND__ showed [Jd Kh] and lost with Two pairs : Jacks and 8
Seat 3: longuet 831 (button) showed [Ah 6d] and won 9462 with Two pairs : Aces and 8
Seat 5: Ninja06400 (big blind) showed [Qc 9d] and lost with One pair : 8


Winamax Poker - Tournament "Freeroll" buyIn: 0€ + 0€ level: 4 - HandId: #882744164490412225-8-1504170607 - Holdem no limit (8/30/60) - 2017/08/31 09:10:07 UTC
Table: 'Freeroll(205529892)#192' 8-max (real money) Seat #4 is the button
Seat 2: manggy94 (2995)
Seat 3: longuet 831 (15858)
Seat 4: cyr25000 (6073)
Seat 6: FR..MONTANA (2361)
Seat 7: sylucky (2723)
Seat 8: XxKALIxX (2990)
*** ANTE/BLINDS ***
FR..MONTANA posts ante 8
manggy94 posts ante 8
longuet 831 posts ante 8
cyr25000 posts ante 8
sylucky posts ante 8
XxKALIxX posts ante 8
FR..MONTANA posts big blind 60
Dealt to manggy94 [Ad Qh]
*** PRE-FLOP *** 
sylucky calls 60
XxKALIxX calls 60
manggy94 raises 288 to 348
longuet 831 calls 348
cyr25000 folds
FR..MONTANA calls 288
sylucky folds
XxKALIxX calls 288
*** FLOP *** [Jc 6c 4c]
FR..MONTANA checks
XxKALIxX checks
manggy94 bets 750
longuet 831 calls 750
FR..MONTANA folds
XxKALIxX folds
*** TURN *** [Jc 6c 4c][7c]
manggy94 checks
longuet 831 bets 3000
manggy94 folds
longuet 831 collected 6000 from pot
*** SUMMARY ***
Total pot 6000 | No rake
Board: [Jc 6c 4c 7c]
Seat 3: longuet 831 won 6000


Winamax Poker - Tournament "Freeroll" buyIn: 0€ + 0€ level: 4 - HandId: #882744164490412225-9-1504170671 - Holdem no limit (8/30/60) - 2017/08/31 09:11:11 UTC
Table: 'Freeroll(205529892)#192' 8-max (real money) Seat #5 is the button
Seat 1: theobar5767 (3000)
Seat 2: manggy94 (1889)
Seat 3: longuet 831 (17752)
Seat 4: cyr25000 (6065)
Seat 5: Benz0510 (3000)
Seat 6: FR..MONTANA (2005)
Seat 7: sylucky (2655)
Seat 8: XxKALIxX (2634)
*** ANTE/BLINDS ***
FR..MONTANA posts ante 8
sylucky posts ante 8
theobar5767 posts ante 8
manggy94 posts ante 8
longuet 831 posts ante 8
cyr25000 posts ante 8
XxKALIxX posts ante 8
FR..MONTANA posts small blind 30
sylucky posts big blind 60
Dealt to manggy94 [Ad 9d]
*** PRE-FLOP *** 
XxKALIxX folds
theobar5767 folds
manggy94 raises 206 to 266
longuet 831 calls 266
cyr25000 folds
FR..MONTANA folds
sylucky folds
*** FLOP *** [4c 3d 4h]
manggy94 bets 678
longuet 831 folds
manggy94 collected 1356 from pot
*** SUMMARY ***
Total pot 1356 | No rake
Board: [4c 3d 4h]
Seat 2: manggy94 won 1356


Winamax Poker - Tournament "Freeroll" buyIn: 0€ + 0€ level: 4 - HandId: #882744164490412225-10-1504170718 - Holdem no limit (8/30/60) - 2017/08/31 09:11:58 UTC
Table: 'Freeroll(205529892)#192' 8-max (real money) Seat #6 is the button
Seat 1: theobar5767 (2992)
Seat 2: manggy94 (2293)
Seat 3: longuet 831 (17478)
Seat 4: cyr25000 (6057)
Seat 5: Benz0510 (3000)
Seat 6: FR..MONTANA (1967)
Seat 7: sylucky (2587)
Seat 8: XxKALIxX (2626)
*** ANTE/BLINDS ***
sylucky posts ante 8
XxKALIxX posts ante 8
theobar5767 posts ante 8
manggy94 posts ante 8
longuet 831 posts ante 8
cyr25000 posts ante 8
Benz0510 posts ante 8
FR..MONTANA posts ante 8
sylucky posts small blind 30
XxKALIxX posts big blind 60
Dealt to manggy94 [2h 4d]
*** PRE-FLOP *** 
theobar5767 folds
manggy94 folds
longuet 831 raises 2220 to 2280
cyr25000 folds
Benz0510 calls 2280
FR..MONTANA folds
sylucky folds
XxKALIxX folds
*** FLOP *** [6d 5s Td]
longuet 831 bets 60
Benz0510 calls 60
*** TURN *** [6d 5s Td][8h]
longuet 831 bets 4834
Benz0510 calls 652 and is all-in
*** RIVER *** [6d 5s Td 8h][3c]
*** SHOW DOWN ***
Benz0510 shows [Ad 6s] (One pair : 6)
longuet 831 shows [5c 5h] (Trips of 5)
longuet 831 collected 10320 from pot
*** SUMMARY ***
Total pot 10320 | No rake
Board: [6d 5s Td 8h 3c]
Seat 3: longuet 831 showed [5c 5h] and won 10320 with Trips of 5
Seat 5: Benz0510 showed [Ad 6s] and lost with One pair : 6


Winamax Poker - Tournament "Freeroll" buyIn: 0€ + 0€ level: 5 - HandId: #882744164490412225-11-1504170776 - Holdem no limit (10/40/80) - 2017/08/31 09:12:56 UTC
Table: 'Freeroll(205529892)#192' 8-max (real money) Seat #7 is the button
Seat 1: theobar5767 (2984)
Seat 2: manggy94 (2285)
Seat 3: longuet 831 (20616)
Seat 4: cyr25000 (6049)
Seat 5: Nanoukitty (3000)
Seat 6: FR..MONTANA (1959)
Seat 7: sylucky (2549)
Seat 8: XxKALIxX (2558)
*** ANTE/BLINDS ***
XxKALIxX posts ante 10
theobar5767 posts ante 10
manggy94 posts ante 10
longuet 831 posts ante 10
cyr25000 posts ante 10
Nanoukitty posts ante 10
FR..MONTANA posts ante 10
sylucky posts ante 10
XxKALIxX posts small blind 40
theobar5767 posts big blind 80
Dealt to manggy94 [7d 4c]
*** PRE-FLOP *** 
manggy94 folds
longuet 831 calls 80
cyr25000 folds
Nanoukitty folds
FR..MONTANA raises 1869 to 1949 and is all-in
sylucky folds
XxKALIxX calls 1909
theobar5767 folds
longuet 831 calls 1869
*** FLOP *** [8h Qd 3h]
XxKALIxX bets 599 and is all-in
longuet 831 calls 599
*** TURN *** [8h Qd 3h][Js]
*** RIVER *** [8h Qd 3h Js][7c]
*** SHOW DOWN ***
longuet 831 shows [8c Ks] (One pair : 8)
FR..MONTANA shows [6d As] (High card : Ace)
XxKALIxX shows [8s Ad] (One pair : 8)
XxKALIxX collected 7205 from pot
*** SUMMARY ***
Total pot 7205 | No rake
Board: [8h Qd 3h Js 7c]
Seat 3: longuet 831 showed [8c Ks] and lost with One pair : 8
Seat 6: FR..MONTANA showed [6d As] and lost with High card : Ace
Seat 8: XxKALIxX (small blind) showed [8s Ad] and won 7205 with One pair : 8


Winamax Poker - Tournament "Freeroll" buyIn: 0€ + 0€ level: 5 - HandId: #882744164490412225-12-1504170829 - Holdem no limit (10/40/80) - 2017/08/31 09:13:49 UTC
Table: 'Freeroll(205529892)#192' 8-max (real money) Seat #8 is the button
Seat 1: theobar5767 (2894)
Seat 2: manggy94 (2275)
Seat 3: longuet 831 (18058)
Seat 4: cyr25000 (6039)
Seat 5: Nanoukitty (2990)
Seat 6: obut09 (3000)
Seat 7: sylucky (2539)
Seat 8: XxKALIxX (7205)
*** ANTE/BLINDS ***
theobar5767 posts ante 10
manggy94 posts ante 10
longuet 831 posts ante 10
cyr25000 posts ante 10
Nanoukitty posts ante 10
obut09 posts ante 10
sylucky posts ante 10
XxKALIxX posts ante 10
theobar5767 posts small blind 40
manggy94 posts big blind 80
Dealt to manggy94 [4s 9d]
*** PRE-FLOP *** 
longuet 831 raises 17968 to 18048 and is all-in
cyr25000 folds
Nanoukitty folds
obut09 folds
sylucky folds
XxKALIxX folds
theobar5767 folds
manggy94 folds
longuet 831 collected 18248 from pot
*** SUMMARY ***
Total pot 18248 | No rake
Seat 3: longuet 831 won 18248


Winamax Poker - Tournament "Freeroll" buyIn: 0€ + 0€ level: 5 - HandId: #882744164490412225-13-1504170881 - Holdem no limit (10/40/80) - 2017/08/31 09:14:41 UTC
Table: 'Freeroll(205529892)#192' 8-max (real money) Seat #1 is the button
Seat 1: theobar5767 (2844)
Seat 2: manggy94 (2185)
Seat 3: longuet 831 (18248)
Seat 4: cyr25000 (6029)
Seat 5: Nanoukitty (2980)
Seat 6: obut09 (2990)
Seat 7: sylucky (2529)
Seat 8: XxKALIxX (7195)
*** ANTE/BLINDS ***
manggy94 posts ante 10
longuet 831 posts ante 10
theobar5767 posts ante 10
cyr25000 posts ante 10
Nanoukitty posts ante 10
obut09 posts ante 10
sylucky posts ante 10
XxKALIxX posts ante 10
manggy94 posts small blind 40
longuet 831 posts big blind 80
Dealt to manggy94 [4d Qc]
*** PRE-FLOP *** 
cyr25000 calls 80
Nanoukitty folds
obut09 calls 80
sylucky folds
XxKALIxX calls 80
theobar5767 folds
manggy94 folds
longuet 831 raises 440 to 520
cyr25000 calls 440
obut09 folds
XxKALIxX folds
*** FLOP *** [Ad Js 2s]
longuet 831 bets 1320
cyr25000 folds
longuet 831 collected 2640 from pot
*** SUMMARY ***
Total pot 2640 | No rake
Board: [Ad Js 2s]
Seat 3: longuet 831 (big blind) won 2640


Winamax Poker - Tournament "Freeroll" buyIn: 0€ + 0€ level: 6 - HandId: #882744164490412225-14-1504171015 - Holdem no limit (12/50/100) - 2017/08/31 09:16:55 UTC
Table: 'Freeroll(205529892)#192' 8-max (real money) Seat #2 is the button
Seat 1: theobar5767 (2834)
Seat 2: manggy94 (2135)
Seat 3: longuet 831 (19038)
Seat 4: cyr25000 (5499)
Seat 5: Nanoukitty (2970)
Seat 6: obut09 (2900)
Seat 7: sylucky (2519)
Seat 8: XxKALIxX (7105)
*** ANTE/BLINDS ***
longuet 831 posts ante 12
cyr25000 posts ante 12
theobar5767 posts ante 12
manggy94 posts ante 12
Nanoukitty posts ante 12
obut09 posts ante 12
sylucky posts ante 12
XxKALIxX posts ante 12
longuet 831 posts small blind 50
cyr25000 posts big blind 100
Dealt to manggy94 [7s Ah]
*** PRE-FLOP *** 
Nanoukitty calls 100
obut09 folds
sylucky folds
XxKALIxX calls 100
theobar5767 folds
manggy94 raises 100 to 200
longuet 831 calls 150
cyr25000 calls 100
Nanoukitty calls 100
XxKALIxX calls 100
*** FLOP *** [9h 4c 7h]
longuet 831 checks
cyr25000 checks
Nanoukitty checks
XxKALIxX checks
manggy94 bets 1096
longuet 831 folds
cyr25000 folds
Nanoukitty folds
XxKALIxX folds
manggy94 collected 2192 from pot
*** SUMMARY ***
Total pot 2192 | No rake
Board: [9h 4c 7h]
Seat 2: manggy94 (button) won 2192


Winamax Poker - Tournament "Freeroll" buyIn: 0€ + 0€ level: 7 - HandId: #882744164490412225-15-1504171116 - Holdem no limit (15/60/120) - 2017/08/31 09:18:36 UTC
Table: 'Freeroll(205529892)#192' 8-max (real money) Seat #3 is the button
Seat 1: theobar5767 (2822)
Seat 2: manggy94 (3019)
Seat 3: longuet 831 (18826)
Seat 4: cyr25000 (5287)
Seat 5: Nanoukitty (2758)
Seat 6: obut09 (2888)
Seat 7: sylucky (2507)
Seat 8: XxKALIxX (6893)
*** ANTE/BLINDS ***
cyr25000 posts ante 15
Nanoukitty posts ante 15
theobar5767 posts ante 15
manggy94 posts ante 15
longuet 831 posts ante 15
obut09 posts ante 15
sylucky posts ante 15
XxKALIxX posts ante 15
cyr25000 posts small blind 60
Nanoukitty posts big blind 120
Dealt to manggy94 [9c 9d]
*** PRE-FLOP *** 
obut09 raises 2753 to 2873 and is all-in
sylucky folds
XxKALIxX folds
theobar5767 folds
manggy94 folds
longuet 831 folds
cyr25000 folds
Nanoukitty folds
obut09 collected 3173 from pot
*** SUMMARY ***
Total pot 3173 | No rake
Seat 6: obut09 won 3173


Winamax Poker - Tournament "Freeroll" buyIn: 0€ + 0€ level: 7 - HandId: #882744164490412225-16-1504171187 - Holdem no limit (15/60/120) - 2017/08/31 09:19:47 UTC
Table: 'Freeroll(205529892)#192' 8-max (real money) Seat #4 is the button
Seat 1: theobar5767 (2807)
Seat 2: manggy94 (3004)
Seat 3: longuet 831 (18811)
Seat 4: cyr25000 (5212)
Seat 5: Nanoukitty (2623)
Seat 6: obut09 (3173)
Seat 7: sylucky (2492)
Seat 8: XxKALIxX (6878)
*** ANTE/BLINDS ***
Nanoukitty posts ante 15
obut09 posts ante 15
theobar5767 posts ante 15
manggy94 posts ante 15
longuet 831 posts ante 15
cyr25000 posts ante 15
sylucky posts ante 15
XxKALIxX posts ante 15
Nanoukitty posts small blind 60
obut09 posts big blind 120
Dealt to manggy94 [6d 2d]
*** PRE-FLOP *** 
sylucky folds
XxKALIxX raises 120 to 240
theobar5767 folds
manggy94 folds
longuet 831 calls 240
cyr25000 folds
Nanoukitty folds
obut09 calls 120
*** FLOP *** [8s 4d 6h]
obut09 checks
XxKALIxX checks
longuet 831 bets 900
obut09 raises 2018 to 2918 and is all-in
XxKALIxX folds
longuet 831 calls 2018
*** TURN *** [8s 4d 6h][4h]
*** RIVER *** [8s 4d 6h 4h][Kh]
*** SHOW DOWN ***
longuet 831 shows [Ts 7s] (One pair : 4)
obut09 shows [Ah 2c] (One pair : 4)
obut09 collected 6736 from pot
*** SUMMARY ***
Total pot 6736 | No rake
Board: [8s 4d 6h 4h Kh]
Seat 3: longuet 831 showed [Ts 7s] and lost with One pair : 4
Seat 6: obut09 (big blind) showed [Ah 2c] and won 6736 with One pair : 4


Winamax Poker - Tournament "Freeroll" buyIn: 0€ + 0€ level: 7 - HandId: #882744164490412225-17-1504171264 - Holdem no limit (15/60/120) - 2017/08/31 09:21:04 UTC
Table: 'Freeroll(205529892)#192' 8-max (real money) Seat #5 is the button
Seat 1: theobar5767 (2792)
Seat 2: manggy94 (2989)
Seat 3: longuet 831 (15638)
Seat 4: cyr25000 (5197)
Seat 5: Nanoukitty (2548)
Seat 6: obut09 (6736)
Seat 7: sylucky (2477)
Seat 8: XxKALIxX (6623)
*** ANTE/BLINDS ***
obut09 posts ante 15
sylucky posts ante 15
theobar5767 posts ante 15
manggy94 posts ante 15
longuet 831 posts ante 15
cyr25000 posts ante 15
Nanoukitty posts ante 15
XxKALIxX posts ante 15
obut09 posts small blind 60
sylucky posts big blind 120
Dealt to manggy94 [6d 7d]
*** PRE-FLOP *** 
XxKALIxX calls 120
theobar5767 folds
manggy94 calls 120
longuet 831 folds
cyr25000 folds
Nanoukitty folds
obut09 calls 60
sylucky checks
*** FLOP *** [6s Js 4d]
obut09 checks
sylucky checks
XxKALIxX checks
manggy94 bets 600
obut09 folds
sylucky folds
XxKALIxX calls 600
*** TURN *** [6s Js 4d][2c]
XxKALIxX checks
manggy94 bets 840
XxKALIxX calls 840
*** RIVER *** [6s Js 4d 2c][4h]
XxKALIxX checks
manggy94 checks
*** SHOW DOWN ***
XxKALIxX shows [As Ks] (One pair : 4)
manggy94 shows [6d 7d] (Two pairs : 6 and 4)
manggy94 collected 3480 from pot
*** SUMMARY ***
Total pot 3480 | No rake
Board: [6s Js 4d 2c 4h]
Seat 2: manggy94 showed [6d 7d] and won 3480 with Two pairs : 6 and 4
Seat 8: XxKALIxX showed [As Ks] and lost with One pair : 4


Winamax Poker - Tournament "Freeroll" buyIn: 0€ + 0€ level: 8 - HandId: #882744164490412225-18-1504171361 - Holdem no limit (20/80/160) - 2017/08/31 09:22:41 UTC
Table: 'Freeroll(205529892)#192' 8-max (real money) Seat #6 is the button
Seat 1: theobar5767 (2777)
Seat 2: manggy94 (4894)
Seat 3: longuet 831 (15623)
Seat 4: cyr25000 (5182)
Seat 5: Nanoukitty (2533)
Seat 6: obut09 (6601)
Seat 7: sylucky (2342)
Seat 8: XxKALIxX (5048)
*** ANTE/BLINDS ***
sylucky posts ante 20
XxKALIxX posts ante 20
theobar5767 posts ante 20
manggy94 posts ante 20
longuet 831 posts ante 20
cyr25000 posts ante 20
Nanoukitty posts ante 20
obut09 posts ante 20
sylucky posts small blind 80
XxKALIxX posts big blind 160
Dealt to manggy94 [7h Qs]
*** PRE-FLOP *** 
theobar5767 folds
manggy94 folds
longuet 831 calls 160
cyr25000 calls 160
Nanoukitty folds
obut09 calls 160
sylucky folds
XxKALIxX checks
*** FLOP *** [2c 7d 8d]
XxKALIxX checks
longuet 831 checks
cyr25000 checks
obut09 checks
*** TURN *** [2c 7d 8d][9c]
XxKALIxX checks
longuet 831 checks
cyr25000 bets 5002 and is all-in
obut09 calls 5002
XxKALIxX folds
longuet 831 folds
*** RIVER *** [2c 7d 8d 9c][4s]
*** SHOW DOWN ***
obut09 shows [9d Jd] (One pair : 9)
cyr25000 shows [Kc 9h] (One pair : 9)
cyr25000 collected 10884 from pot
*** SUMMARY ***
Total pot 10884 | No rake
Board: [2c 7d 8d 9c 4s]
Seat 4: cyr25000 showed [Kc 9h] and won 10884 with One pair : 9
Seat 6: obut09 (button) showed [9d Jd] and lost with One pair : 9


Winamax Poker - Tournament "Freeroll" buyIn: 0€ + 0€ level: 8 - HandId: #882744164490412225-19-1504171446 - Holdem no limit (20/80/160) - 2017/08/31 09:24:06 UTC
Table: 'Freeroll(205529892)#192' 8-max (real money) Seat #7 is the button
Seat 1: theobar5767 (2757)
Seat 2: manggy94 (4874)
Seat 3: longuet 831 (15443)
Seat 4: cyr25000 (10884)
Seat 5: Nanoukitty (2513)
Seat 6: obut09 (1419)
Seat 7: sylucky (2242)
Seat 8: XxKALIxX (4868)
*** ANTE/BLINDS ***
XxKALIxX posts ante 20
theobar5767 posts ante 20
manggy94 posts ante 20
longuet 831 posts ante 20
cyr25000 posts ante 20
Nanoukitty posts ante 20
obut09 posts ante 20
sylucky posts ante 20
XxKALIxX posts small blind 80
theobar5767 posts big blind 160
Dealt to manggy94 [2c Ac]
*** PRE-FLOP *** 
manggy94 calls 160
longuet 831 raises 15263 to 15423 and is all-in
cyr25000 folds
Nanoukitty folds
obut09 folds
sylucky folds
XxKALIxX folds
theobar5767 folds
manggy94 folds
longuet 831 collected 15983 from pot
*** SUMMARY ***
Total pot 15983 | No rake
Seat 3: longuet 831 won 15983


Winamax Poker - Tournament "Freeroll" buyIn: 0€ + 0€ level: 9 - HandId: #882744164490412225-20-1504171502 - Holdem no limit (25/100/200) - 2017/08/31 09:25:02 UTC
Table: 'Freeroll(205529892)#192' 8-max (real money) Seat #8 is the button
Seat 1: theobar5767 (2577)
Seat 2: manggy94 (4694)
Seat 3: longuet 831 (15983)
Seat 4: cyr25000 (10864)
Seat 5: Nanoukitty (2493)
Seat 6: obut09 (1399)
Seat 7: sylucky (2222)
Seat 8: XxKALIxX (4768)
*** ANTE/BLINDS ***
theobar5767 posts ante 25
manggy94 posts ante 25
longuet 831 posts ante 25
cyr25000 posts ante 25
Nanoukitty posts ante 25
obut09 posts ante 25
sylucky posts ante 25
XxKALIxX posts ante 25
theobar5767 posts small blind 100
manggy94 posts big blind 200
Dealt to manggy94 [Tc 4s]
*** PRE-FLOP *** 
longuet 831 raises 15758 to 15958 and is all-in
cyr25000 folds
Nanoukitty folds
obut09 calls 1374 and is all-in
sylucky calls 2197 and is all-in
XxKALIxX calls 4743 and is all-in
theobar5767 folds
manggy94 folds
*** FLOP *** [4h 8h 3c]
*** TURN *** [4h 8h 3c][5d]
*** RIVER *** [4h 8h 3c 5d][8d]
*** SHOW DOWN ***
obut09 shows [Ac 6c] (One pair : 8)
XxKALIxX shows [Js Qd] (One pair : 8)
longuet 831 shows [Ah Jh] (One pair : 8)
sylucky shows [Kd Ad] (One pair : 8)
sylucky collected 8465 from main pot
longuet 831 collected 16307 from side pot 1
*** SUMMARY ***
Total pot 24772 | No rake
Board: [4h 8h 3c 5d 8d]
Seat 3: longuet 831 showed [Ah Jh] and won 16307 with One pair : 8
Seat 6: obut09 showed [Ac 6c] and lost with One pair : 8
Seat 7: sylucky showed [Kd Ad] and won 8465 with One pair : 8
Seat 8: XxKALIxX (button) showed [Js Qd] and lost with One pair : 8


Winamax Poker - Tournament "Freeroll" buyIn: 0€ + 0€ level: 9 - HandId: #882744164490412225-21-1504171545 - Holdem no limit (25/100/200) - 2017/08/31 09:25:45 UTC
Table: 'Freeroll(205529892)#192' 8-max (real money) Seat #1 is the button
Seat 1: theobar5767 (2452)
Seat 2: manggy94 (4469)
Seat 3: longuet 831 (16307)
Seat 4: cyr25000 (10839)
Seat 5: Nanoukitty (2468)
Seat 7: sylucky (8465)
*** ANTE/BLINDS ***
manggy94 posts ante 25
longuet 831 posts ante 25
theobar5767 posts ante 25
cyr25000 posts ante 25
Nanoukitty posts ante 25
sylucky posts ante 25
manggy94 posts small blind 100
longuet 831 posts big blind 200
Dealt to manggy94 [Ad Tc]
*** PRE-FLOP *** 
cyr25000 folds
Nanoukitty folds
sylucky folds
theobar5767 raises 2227 to 2427 and is all-in
manggy94 calls 2327
longuet 831 raises 2227 to 4654
manggy94 calls 2017 and is all-in
*** FLOP *** [5d As 3h]
*** TURN *** [5d As 3h][5c]
*** RIVER *** [5d As 3h 5c][Kc]
*** SHOW DOWN ***
theobar5767 shows [Jh Qh] (One pair : 5)
manggy94 shows [Ad Tc] (Two pairs : Aces and 5)
longuet 831 shows [2d Ah] (Two pairs : Aces and 5)
longuet 831 collected 5943 from side pot 1
manggy94 collected 5732 from main pot
*** SUMMARY ***
Total pot 11675 | No rake
Board: [5d As 3h 5c Kc]
Seat 1: theobar5767 (button) showed [Jh Qh] and lost with One pair : 5
Seat 2: manggy94 (small blind) showed [Ad Tc] and won 5732 with Two pairs : Aces and 5
Seat 3: longuet 831 (big blind) showed [2d Ah] and won 5943 with Two pairs : Aces and 5


Winamax Poker - Tournament "Freeroll" buyIn: 0€ + 0€ level: 9 - HandId: #882744164490412225-22-1504171591 - Holdem no limit (25/100/200) - 2017/08/31 09:26:31 UTC
Table: 'Freeroll(205529892)#192' 8-max (real money) Seat #2 is the button
Seat 2: manggy94 (5732)
Seat 3: longuet 831 (17571)
Seat 4: cyr25000 (10814)
Seat 5: Nanoukitty (2443)
Seat 7: sylucky (8440)
Seat 8: Ethio (10085)
*** ANTE/BLINDS ***
longuet 831 posts ante 25
cyr25000 posts ante 25
manggy94 posts ante 25
Nanoukitty posts ante 25
sylucky posts ante 25
Ethio posts ante 25
longuet 831 posts small blind 100
cyr25000 posts big blind 200
Dealt to manggy94 [5h 9d]
*** PRE-FLOP *** 
Nanoukitty folds
sylucky folds
Ethio calls 200
manggy94 folds
longuet 831 raises 200 to 400
cyr25000 calls 200
Ethio calls 200
*** FLOP *** [9s 7h Kc]
longuet 831 bets 200
cyr25000 calls 200
Ethio calls 200
*** TURN *** [9s 7h Kc][6d]
longuet 831 bets 16946 and is all-in
cyr25000 folds
Ethio folds
longuet 831 collected 18896 from pot
*** SUMMARY ***
Total pot 18896 | No rake
Board: [9s 7h Kc 6d]
Seat 3: longuet 831 (small blind) won 18896


Winamax Poker - Tournament "Freeroll" buyIn: 0€ + 0€ level: 9 - HandId: #882744164490412225-23-1504171638 - Holdem no limit (25/100/200) - 2017/08/31 09:27:18 UTC
Table: 'Freeroll(205529892)#192' 8-max (real money) Seat #3 is the button
Seat 1: 9-wallis-8 (11005)
Seat 2: manggy94 (5707)
Seat 3: longuet 831 (18896)
Seat 4: cyr25000 (10189)
Seat 5: Nanoukitty (2418)
Seat 7: sylucky (8415)
Seat 8: Ethio (9460)
*** ANTE/BLINDS ***
cyr25000 posts ante 25
Nanoukitty posts ante 25
9-wallis-8 posts ante 25
manggy94 posts ante 25
longuet 831 posts ante 25
sylucky posts ante 25
Ethio posts ante 25
cyr25000 posts small blind 100
Nanoukitty posts big blind 200
Dealt to manggy94 [9s 5c]
*** PRE-FLOP *** 
sylucky folds
Ethio calls 200
9-wallis-8 folds
manggy94 folds
longuet 831 raises 875 to 1075
cyr25000 folds
Nanoukitty folds
Ethio folds
longuet 831 collected 1750 from pot
*** SUMMARY ***
Total pot 1750 | No rake
Seat 3: longuet 831 (button) won 1750


Winamax Poker - Tournament "Freeroll" buyIn: 0€ + 0€ level: 10 - HandId: #882744164490412186-22-1504171716 - Holdem no limit (30/125/250) - 2017/08/31 09:28:36 UTC
Table: 'Freeroll(205529892)#153' 8-max (real money) Seat #2 is the button
Seat 1: marinecoco60 (8370)
Seat 2: yvo03 (9207)
Seat 3: kiki62930 (2188)
Seat 4: petelefeu113 (13618)
Seat 5: manggy94 (5682)
Seat 6: Djeekay (2717)
Seat 7: PEDROLINO89 (2398)
Seat 8: MCMT247 (1115)
*** ANTE/BLINDS ***
kiki62930 posts ante 30
petelefeu113 posts ante 30
marinecoco60 posts ante 30
yvo03 posts ante 30
manggy94 posts ante 30
Djeekay posts ante 30
PEDROLINO89 posts ante 30
MCMT247 posts ante 30
kiki62930 posts small blind 125
petelefeu113 posts big blind 250
Dealt to manggy94 [9d 7h]
*** PRE-FLOP *** 
manggy94 folds
Djeekay folds
PEDROLINO89 calls 250
MCMT247 folds
marinecoco60 raises 375 to 625
yvo03 calls 625
kiki62930 folds
petelefeu113 folds
PEDROLINO89 calls 375
*** FLOP *** [6s 2d As]
PEDROLINO89 checks
marinecoco60 bets 250
yvo03 calls 250
PEDROLINO89 folds
*** TURN *** [6s 2d As][6c]
marinecoco60 checks
yvo03 checks
*** RIVER *** [6s 2d As 6c][2h]
marinecoco60 bets 375
yvo03 raises 3740 to 4115
marinecoco60 folds
yvo03 collected 7480 from pot
*** SUMMARY ***
Total pot 7480 | No rake
Board: [6s 2d As 6c 2h]
Seat 2: yvo03 (button) won 7480


Winamax Poker - Tournament "Freeroll" buyIn: 0€ + 0€ level: 10 - HandId: #882744164490412186-23-1504171771 - Holdem no limit (30/125/250) - 2017/08/31 09:29:31 UTC
Table: 'Freeroll(205529892)#153' 8-max (real money) Seat #3 is the button
Seat 1: marinecoco60 (7090)
Seat 2: yvo03 (11667)
Seat 3: kiki62930 (2033)
Seat 4: petelefeu113 (13338)
Seat 5: manggy94 (5652)
Seat 6: Djeekay (2687)
Seat 7: PEDROLINO89 (1743)
Seat 8: MCMT247 (1085)
*** ANTE/BLINDS ***
petelefeu113 posts ante 30
manggy94 posts ante 30
marinecoco60 posts ante 30
yvo03 posts ante 30
kiki62930 posts ante 30
Djeekay posts ante 30
PEDROLINO89 posts ante 30
MCMT247 posts ante 30
petelefeu113 posts small blind 125
manggy94 posts big blind 250
Dealt to manggy94 [8s Qs]
*** PRE-FLOP *** 
Djeekay folds
PEDROLINO89 folds
MCMT247 folds
marinecoco60 folds
yvo03 calls 250
kiki62930 calls 250
petelefeu113 calls 125
manggy94 checks
*** FLOP *** [9h Ah 8d]
petelefeu113 checks
manggy94 checks
yvo03 bets 250
kiki62930 folds
petelefeu113 raises 250 to 500
manggy94 folds
yvo03 raises 250 to 750
petelefeu113 calls 250
*** TURN *** [9h Ah 8d][Ac]
petelefeu113 checks
yvo03 bets 250
petelefeu113 calls 250
*** RIVER *** [9h Ah 8d Ac][7s]
petelefeu113 checks
yvo03 bets 250
petelefeu113 calls 250
*** SHOW DOWN ***
yvo03 shows [Qh Jh] (One pair : Aces)
petelefeu113 shows [5h 9c] (Two pairs : Aces and 9)
petelefeu113 collected 3740 from pot
*** SUMMARY ***
Total pot 3740 | No rake
Board: [9h Ah 8d Ac 7s]
Seat 2: yvo03 showed [Qh Jh] and lost with One pair : Aces
Seat 4: petelefeu113 (small blind) showed [5h 9c] and won 3740 with Two pairs : Aces and 9


Winamax Poker - Tournament "Freeroll" buyIn: 0€ + 0€ level: 10 - HandId: #882744164490412186-24-1504171816 - Holdem no limit (30/125/250) - 2017/08/31 09:30:16 UTC
Table: 'Freeroll(205529892)#153' 8-max (real money) Seat #4 is the button
Seat 1: marinecoco60 (7060)
Seat 2: yvo03 (10137)
Seat 3: kiki62930 (1753)
Seat 4: petelefeu113 (15548)
Seat 5: manggy94 (5372)
Seat 6: Djeekay (2657)
Seat 7: PEDROLINO89 (1713)
Seat 8: MCMT247 (1055)
*** ANTE/BLINDS ***
manggy94 posts ante 30
Djeekay posts ante 30
marinecoco60 posts ante 30
yvo03 posts ante 30
kiki62930 posts ante 30
petelefeu113 posts ante 30
PEDROLINO89 posts ante 30
MCMT247 posts ante 30
manggy94 posts small blind 125
Djeekay posts big blind 250
Dealt to manggy94 [8h 2s]
*** PRE-FLOP *** 
PEDROLINO89 folds
MCMT247 calls 250
marinecoco60 folds
yvo03 raises 250 to 500
kiki62930 folds
petelefeu113 calls 500
manggy94 folds
Djeekay calls 250
MCMT247 calls 250
*** FLOP *** [Ks 4s Kh]
Djeekay checks
MCMT247 checks
yvo03 bets 250
petelefeu113 calls 250
Djeekay folds
MCMT247 folds
*** TURN *** [Ks 4s Kh][4d]
yvo03 checks
petelefeu113 checks
*** RIVER *** [Ks 4s Kh 4d][Kc]
yvo03 checks
petelefeu113 checks
*** SHOW DOWN ***
yvo03 shows [9c Ad] (Full of Kings and 4)
petelefeu113 shows [6c As] (Full of Kings and 4)
petelefeu113 collected 1433 from pot
yvo03 collected 1432 from pot
*** SUMMARY ***
Total pot 2865 | No rake
Board: [Ks 4s Kh 4d Kc]
Seat 2: yvo03 showed [9c Ad] and won 1432 with Full of Kings and 4
Seat 4: petelefeu113 (button) showed [6c As] and won 1433 with Full of Kings and 4


Winamax Poker - Tournament "Freeroll" buyIn: 0€ + 0€ level: 11 - HandId: #882744164490412186-25-1504171876 - Holdem no limit (40/150/300) - 2017/08/31 09:31:16 UTC
Table: 'Freeroll(205529892)#153' 8-max (real money) Seat #5 is the button
Seat 1: marinecoco60 (7030)
Seat 2: yvo03 (10789)
Seat 3: kiki62930 (1723)
Seat 4: petelefeu113 (16201)
Seat 5: manggy94 (5217)
Seat 6: Djeekay (2127)
Seat 7: PEDROLINO89 (1683)
Seat 8: MCMT247 (525)
*** ANTE/BLINDS ***
Djeekay posts ante 40
PEDROLINO89 posts ante 40
marinecoco60 posts ante 40
yvo03 posts ante 40
kiki62930 posts ante 40
petelefeu113 posts ante 40
manggy94 posts ante 40
MCMT247 posts ante 40
Djeekay posts small blind 150
PEDROLINO89 posts big blind 300
Dealt to manggy94 [6c 5s]
*** PRE-FLOP *** 
MCMT247 folds
marinecoco60 folds
yvo03 folds
kiki62930 calls 300
petelefeu113 folds
manggy94 folds
Djeekay folds
PEDROLINO89 checks
*** FLOP *** [Qd 4c Jd]
PEDROLINO89 bets 300
kiki62930 calls 300
*** TURN *** [Qd 4c Jd][As]
PEDROLINO89 bets 300
kiki62930 raises 783 to 1083 and is all-in
PEDROLINO89 calls 743 and is all-in
*** RIVER *** [Qd 4c Jd As][Tc]
*** SHOW DOWN ***
kiki62930 shows [Ac 8s] (One pair : Aces)
PEDROLINO89 shows [Jc Qs] (Two pairs : Queens and Jacks)
PEDROLINO89 collected 3756 from main pot
kiki62930 collected 40 from side pot 1
*** SUMMARY ***
Total pot 3796 | No rake
Board: [Qd 4c Jd As Tc]
Seat 3: kiki62930 showed [Ac 8s] and won 40 with One pair : Aces
Seat 7: PEDROLINO89 (big blind) showed [Jc Qs] and won 3756 with Two pairs : Queens and Jacks


Winamax Poker - Tournament "Freeroll" buyIn: 0€ + 0€ level: 11 - HandId: #882744164490412186-26-1504171917 - Holdem no limit (40/150/300) - 2017/08/31 09:31:57 UTC
Table: 'Freeroll(205529892)#153' 8-max (real money) Seat #6 is the button
Seat 1: marinecoco60 (6990)
Seat 2: yvo03 (10749)
Seat 3: kiki62930 (40)
Seat 4: petelefeu113 (16161)
Seat 5: manggy94 (5177)
Seat 6: Djeekay (1937)
Seat 7: PEDROLINO89 (3756)
Seat 8: MCMT247 (485)
*** ANTE/BLINDS ***
PEDROLINO89 posts ante 40
MCMT247 posts ante 40
marinecoco60 posts ante 40
yvo03 posts ante 40
kiki62930 posts ante 40 and is all-in
petelefeu113 posts ante 40
manggy94 posts ante 40
Djeekay posts ante 40
PEDROLINO89 posts small blind 150
MCMT247 posts big blind 300
Dealt to manggy94 [5c Qs]
*** PRE-FLOP *** 
marinecoco60 calls 300
yvo03 folds
petelefeu113 raises 300 to 600
manggy94 folds
Djeekay folds
PEDROLINO89 folds
MCMT247 calls 145 and is all-in
marinecoco60 calls 300
*** FLOP *** [9s 8c 6h]
marinecoco60 checks
petelefeu113 bets 1586
marinecoco60 folds
*** TURN *** [9s 8c 6h][5d]
*** RIVER *** [9s 8c 6h 5d][Td]
*** SHOW DOWN ***
kiki62930 shows [3d 8d] (One pair : 8)
petelefeu113 shows [8s As] (One pair : 8)
MCMT247 shows [9c 2c] (One pair : 9)
MCMT247 collected 1805 from main pot
petelefeu113 collected 1896 from side pot 1
*** SUMMARY ***
Total pot 3701 | No rake
Board: [9s 8c 6h 5d Td]
Seat 3: kiki62930 showed [3d 8d] and lost with One pair : 8
Seat 4: petelefeu113 showed [8s As] and won 1896 with One pair : 8
Seat 8: MCMT247 (big blind) showed [9c 2c] and won 1805 with One pair : 9


Winamax Poker - Tournament "Freeroll" buyIn: 0€ + 0€ level: 11 - HandId: #882744164490412186-27-1504171981 - Holdem no limit (40/150/300) - 2017/08/31 09:33:01 UTC
Table: 'Freeroll(205529892)#153' 8-max (real money) Seat #7 is the button
Seat 1: marinecoco60 (6350)
Seat 2: yvo03 (10709)
Seat 4: petelefeu113 (15831)
Seat 5: manggy94 (5137)
Seat 6: Djeekay (1897)
Seat 7: PEDROLINO89 (3566)
Seat 8: MCMT247 (1805)
*** ANTE/BLINDS ***
MCMT247 posts ante 40
marinecoco60 posts ante 40
yvo03 posts ante 40
petelefeu113 posts ante 40
manggy94 posts ante 40
Djeekay posts ante 40
PEDROLINO89 posts ante 40
MCMT247 posts small blind 150
marinecoco60 posts big blind 300
Dealt to manggy94 [Js 9s]
*** PRE-FLOP *** 
yvo03 folds
petelefeu113 raises 600 to 900
manggy94 calls 900
Djeekay raises 957 to 1857 and is all-in
PEDROLINO89 folds
MCMT247 folds
marinecoco60 folds
petelefeu113 calls 957
manggy94 calls 957
*** FLOP *** [Ad Qd 8h]
petelefeu113 bets 6301
manggy94 folds
*** TURN *** [Ad Qd 8h][2s]
*** RIVER *** [Ad Qd 8h 2s][2h]
*** SHOW DOWN ***
Djeekay shows [Ks Kh] (Two pairs : Kings and 2)
petelefeu113 shows [As Qh] (Two pairs : Aces and Queens)
petelefeu113 collected 12602 from pot
*** SUMMARY ***
Total pot 12602 | No rake
Board: [Ad Qd 8h 2s 2h]
Seat 4: petelefeu113 showed [As Qh] and won 12602 with Two pairs : Aces and Queens
Seat 6: Djeekay showed [Ks Kh] and lost with Two pairs : Kings and 2


Winamax Poker - Tournament "Freeroll" buyIn: 0€ + 0€ level: 12 - HandId: #882744164490412186-28-1504172029 - Holdem no limit (50/200/400) - 2017/08/31 09:33:49 UTC
Table: 'Freeroll(205529892)#153' 8-max (real money) Seat #8 is the button
Seat 1: marinecoco60 (6010)
Seat 2: yvo03 (10669)
Seat 3: 34spirit34 (7318)
Seat 4: petelefeu113 (20235)
Seat 5: manggy94 (3240)
Seat 7: PEDROLINO89 (3526)
Seat 8: MCMT247 (1615)
*** ANTE/BLINDS ***
marinecoco60 posts ante 50
yvo03 posts ante 50
34spirit34 posts ante 50
petelefeu113 posts ante 50
manggy94 posts ante 50
PEDROLINO89 posts ante 50
MCMT247 posts ante 50
marinecoco60 posts small blind 200
yvo03 posts big blind 400
Dealt to manggy94 [2d 5d]
*** PRE-FLOP *** 
34spirit34 folds
petelefeu113 calls 400
manggy94 folds
PEDROLINO89 folds
MCMT247 folds
marinecoco60 calls 200
yvo03 folds
*** FLOP *** [Jd As 3d]
marinecoco60 bets 400
petelefeu113 folds
marinecoco60 collected 1950 from pot
*** SUMMARY ***
Total pot 1950 | No rake
Board: [Jd As 3d]
Seat 1: marinecoco60 (small blind) won 1950


Winamax Poker - Tournament "Freeroll" buyIn: 0€ + 0€ level: 12 - HandId: #882744164490412159-39-1504172115 - Holdem no limit (50/200/400) - 2017/08/31 09:35:15 UTC
Table: 'Freeroll(205529892)#126' 8-max (real money) Seat #4 is the button
Seat 1: MEDDY A 1E E (17942)
Seat 2: magromain (2683)
Seat 3: jibus85 (18389)
Seat 4: MISSTURF (18881)
Seat 5: manggy94 (3190)
Seat 6: ArchyFede (28406)
Seat 7: lotte32 (9334)
Seat 8: Raffi.95 (114)
*** ANTE/BLINDS ***
ArchyFede posts ante 50
lotte32 posts ante 50
MEDDY A 1E E posts ante 50
magromain posts ante 50
jibus85 posts ante 50
MISSTURF posts ante 50
Raffi.95 posts ante 50
ArchyFede posts small blind 200
lotte32 posts big blind 400
*** PRE-FLOP *** 
Raffi.95 calls 64 and is all-in
MEDDY A 1E E calls 400
magromain folds
jibus85 folds
MISSTURF calls 400
ArchyFede calls 200
lotte32 checks
*** FLOP *** [Th 5c Tc]
ArchyFede checks
lotte32 checks
MEDDY A 1E E bets 600
MISSTURF calls 600
ArchyFede folds
lotte32 folds
*** TURN *** [Th 5c Tc][6h]
MEDDY A 1E E bets 600
MISSTURF calls 600
*** RIVER *** [Th 5c Tc 6h][2h]
MEDDY A 1E E bets 4414
MISSTURF calls 4414
*** SHOW DOWN ***
MISSTURF shows [2c 8c] (Two pairs : Tens and 2)
Raffi.95 shows [9c Qs] (One pair : Tens)
MEDDY A 1E E shows [Ts Qc] (Trips of Tens)
MEDDY A 1E E collected 13242 from pot
*** SUMMARY ***
Total pot 13242 | No rake
Board: [Th 5c Tc 6h 2h]
Seat 1: MEDDY A 1E E showed [Ts Qc] and won 13242 with Trips of Tens
Seat 4: MISSTURF (button) showed [2c 8c] and lost with Two pairs : Tens and 2
Seat 8: Raffi.95 showed [9c Qs] and lost with One pair : Tens


Winamax Poker - Tournament "Freeroll" buyIn: 0€ + 0€ level: 12 - HandId: #882744164490412159-40-1504172170 - Holdem no limit (50/200/400) - 2017/08/31 09:36:10 UTC
Table: 'Freeroll(205529892)#126' 8-max (real money) Seat #6 is the button
Seat 1: MEDDY A 1E E (25120)
Seat 2: magromain (2633)
Seat 3: jibus85 (18339)
Seat 4: MISSTURF (12817)
Seat 5: manggy94 (3190)
Seat 6: ArchyFede (27956)
Seat 7: lotte32 (8884)
Seat 8: frt87 (14871)
*** ANTE/BLINDS ***
lotte32 posts ante 50
frt87 posts ante 50
MEDDY A 1E E posts ante 50
magromain posts ante 50
jibus85 posts ante 50
MISSTURF posts ante 50
manggy94 posts ante 50
ArchyFede posts ante 50
lotte32 posts small blind 200
frt87 posts big blind 400
Dealt to manggy94 [6h Kd]
*** PRE-FLOP *** 
MEDDY A 1E E calls 400
magromain calls 400
jibus85 folds
MISSTURF calls 400
manggy94 folds
ArchyFede calls 400
lotte32 calls 200
frt87 checks
*** FLOP *** [Ah Tc 7d]
lotte32 checks
frt87 checks
MEDDY A 1E E bets 400
magromain raises 400 to 800
MISSTURF calls 800
ArchyFede folds
lotte32 folds
frt87 calls 800
MEDDY A 1E E calls 400
*** TURN *** [Ah Tc 7d][3d]
frt87 checks
MEDDY A 1E E checks
magromain bets 400
MISSTURF raises 400 to 800
frt87 calls 800
MEDDY A 1E E calls 800
magromain calls 400
*** RIVER *** [Ah Tc 7d 3d][8h]
frt87 checks
MEDDY A 1E E checks
magromain bets 400
MISSTURF raises 400 to 800
frt87 folds
MEDDY A 1E E folds
magromain calls 183 and is all-in
*** SHOW DOWN ***
magromain shows [As 4d] (One pair : Aces)
MISSTURF shows [Td Ts] (Trips of Tens)
MISSTURF collected 10583 from pot
*** SUMMARY ***
Total pot 10583 | No rake
Board: [Ah Tc 7d 3d 8h]
Seat 2: magromain showed [As 4d] and lost with One pair : Aces
Seat 4: MISSTURF showed [Td Ts] and won 10583 with Trips of Tens


Winamax Poker - Tournament "Freeroll" buyIn: 0€ + 0€ level: 13 - HandId: #882744164490412159-41-1504172239 - Holdem no limit (60/250/500) - 2017/08/31 09:37:19 UTC
Table: 'Freeroll(205529892)#126' 8-max (real money) Seat #7 is the button
Seat 1: MEDDY A 1E E (23070)
Seat 3: jibus85 (18289)
Seat 4: MISSTURF (20550)
Seat 5: manggy94 (3140)
Seat 6: ArchyFede (27506)
Seat 7: lotte32 (8434)
Seat 8: frt87 (12821)
*** ANTE/BLINDS ***
frt87 posts ante 60
MEDDY A 1E E posts ante 60
jibus85 posts ante 60
MISSTURF posts ante 60
manggy94 posts ante 60
ArchyFede posts ante 60
lotte32 posts ante 60
frt87 posts small blind 250
MEDDY A 1E E posts big blind 500
Dealt to manggy94 [Th 7h]
*** PRE-FLOP *** 
jibus85 folds
MISSTURF folds
manggy94 folds
ArchyFede calls 500
lotte32 folds
frt87 calls 250
MEDDY A 1E E checks
*** FLOP *** [2h 5d Kd]
frt87 bets 500
MEDDY A 1E E calls 500
ArchyFede folds
*** TURN *** [2h 5d Kd][5h]
frt87 bets 500
MEDDY A 1E E raises 500 to 1000
frt87 raises 500 to 1500
MEDDY A 1E E calls 500
*** RIVER *** [2h 5d Kd 5h][5c]
frt87 bets 500
MEDDY A 1E E calls 500
*** SHOW DOWN ***
MEDDY A 1E E shows [4s Ad] (Trips of 5)
frt87 shows [2d Kc] (Full of 5 and Kings)
frt87 collected 6920 from pot
*** SUMMARY ***
Total pot 6920 | No rake
Board: [2h 5d Kd 5h 5c]
Seat 1: MEDDY A 1E E (big blind) showed [4s Ad] and lost with Trips of 5
Seat 8: frt87 (small blind) showed [2d Kc] and won 6920 with Full of 5 and Kings


Winamax Poker - Tournament "Freeroll" buyIn: 0€ + 0€ level: 13 - HandId: #882744164490412159-42-1504172269 - Holdem no limit (60/250/500) - 2017/08/31 09:37:49 UTC
Table: 'Freeroll(205529892)#126' 8-max (real money) Seat #8 is the button
Seat 1: MEDDY A 1E E (20010)
Seat 3: jibus85 (18229)
Seat 4: MISSTURF (20490)
Seat 5: manggy94 (3080)
Seat 6: ArchyFede (26946)
Seat 7: lotte32 (8374)
Seat 8: frt87 (16681)
*** ANTE/BLINDS ***
MEDDY A 1E E posts ante 60
jibus85 posts ante 60
MISSTURF posts ante 60
manggy94 posts ante 60
ArchyFede posts ante 60
lotte32 posts ante 60
frt87 posts ante 60
MEDDY A 1E E posts small blind 250
jibus85 posts big blind 500
Dealt to manggy94 [Qc 4d]
*** PRE-FLOP *** 
MISSTURF calls 500
manggy94 folds
ArchyFede folds
lotte32 folds
frt87 folds
MEDDY A 1E E raises 19450 to 19950 and is all-in
jibus85 folds
MISSTURF calls 19450
*** FLOP *** [2c 9d Ah]
*** TURN *** [2c 9d Ah][8h]
*** RIVER *** [2c 9d Ah 8h][2s]
*** SHOW DOWN ***
MISSTURF shows [5c As] (Two pairs : Aces and 2)
MEDDY A 1E E shows [8s Ad] (Two pairs : Aces and 8)
MEDDY A 1E E collected 40820 from pot
*** SUMMARY ***
Total pot 40820 | No rake
Board: [2c 9d Ah 8h 2s]
Seat 1: MEDDY A 1E E (small blind) showed [8s Ad] and won 40820 with Two pairs : Aces and 8
Seat 4: MISSTURF showed [5c As] and lost with Two pairs : Aces and 2


Winamax Poker - Tournament "Freeroll" buyIn: 0€ + 0€ level: 13 - HandId: #882744164490412150-41-1504172324 - Holdem no limit (60/250/500) - 2017/08/31 09:38:44 UTC
Table: 'Freeroll(205529892)#117' 8-max (real money) Seat #6 is the button
Seat 1: manggy94 (3020)
Seat 2: eliouze30 (19013)
Seat 3: stonefish38 (15581)
Seat 4: H3lmutCall (6561)
Seat 5: runtokillx1 (282)
Seat 6: Bubuuulle (985)
Seat 7: goupet39 (7623)
Seat 8: Japanstylexx (34581)
*** ANTE/BLINDS ***
goupet39 posts ante 60
Japanstylexx posts ante 60
manggy94 posts ante 60
eliouze30 posts ante 60
stonefish38 posts ante 60
H3lmutCall posts ante 60
runtokillx1 posts ante 60
Bubuuulle posts ante 60
goupet39 posts small blind 250
Japanstylexx posts big blind 500
Dealt to manggy94 [8d 4h]
*** PRE-FLOP *** 
manggy94 folds
eliouze30 calls 500
stonefish38 folds
H3lmutCall folds
runtokillx1 folds
Bubuuulle folds
goupet39 raises 7063 to 7563 and is all-in
Japanstylexx folds
eliouze30 calls 7063
*** FLOP *** [5h 6d 3h]
*** TURN *** [5h 6d 3h][Jh]
*** RIVER *** [5h 6d 3h Jh][5s]
*** SHOW DOWN ***
goupet39 shows [9d 7h] (One pair : 5)
eliouze30 shows [8c Js] (Two pairs : Jacks and 5)
eliouze30 collected 16106 from pot
*** SUMMARY ***
Total pot 16106 | No rake
Board: [5h 6d 3h Jh 5s]
Seat 2: eliouze30 showed [8c Js] and won 16106 with Two pairs : Jacks and 5
Seat 7: goupet39 (small blind) showed [9d 7h] and lost with One pair : 5


Winamax Poker - Tournament "Freeroll" buyIn: 0€ + 0€ level: 13 - HandId: #882744164490412150-42-1504172355 - Holdem no limit (60/250/500) - 2017/08/31 09:39:15 UTC
Table: 'Freeroll(205529892)#117' 8-max (real money) Seat #7 is the button
Seat 1: manggy94 (2960)
Seat 2: eliouze30 (27496)
Seat 3: stonefish38 (15521)
Seat 4: H3lmutCall (6501)
Seat 5: runtokillx1 (222)
Seat 6: Bubuuulle (925)
Seat 8: Japanstylexx (34021)
*** ANTE/BLINDS ***
Japanstylexx posts ante 60
manggy94 posts ante 60
eliouze30 posts ante 60
stonefish38 posts ante 60
H3lmutCall posts ante 60
runtokillx1 posts ante 60
Bubuuulle posts ante 60
Japanstylexx posts small blind 250
manggy94 posts big blind 500
Dealt to manggy94 [Ts 7h]
*** PRE-FLOP *** 
eliouze30 folds
stonefish38 folds
H3lmutCall raises 5941 to 6441 and is all-in
runtokillx1 folds
Bubuuulle folds
Japanstylexx folds
manggy94 folds
H3lmutCall collected 7611 from pot
*** SUMMARY ***
Total pot 7611 | No rake
Seat 4: H3lmutCall won 7611


Winamax Poker - Tournament "Freeroll" buyIn: 0€ + 0€ level: 14 - HandId: #882744164490412150-43-1504172370 - Holdem no limit (80/300/600) - 2017/08/31 09:39:30 UTC
Table: 'Freeroll(205529892)#117' 8-max (real money) Seat #8 is the button
Seat 1: manggy94 (2400)
Seat 2: eliouze30 (27436)
Seat 3: stonefish38 (15461)
Seat 4: H3lmutCall (7611)
Seat 5: runtokillx1 (162)
Seat 6: Bubuuulle (865)
Seat 8: Japanstylexx (33711)
*** ANTE/BLINDS ***
manggy94 posts ante 80
eliouze30 posts ante 80
stonefish38 posts ante 80
H3lmutCall posts ante 80
runtokillx1 posts ante 80
Bubuuulle posts ante 80
Japanstylexx posts ante 80
manggy94 posts small blind 300
eliouze30 posts big blind 600
Dealt to manggy94 [2s Ks]
*** PRE-FLOP *** 
stonefish38 calls 600
H3lmutCall folds
runtokillx1 folds
Bubuuulle folds
Japanstylexx folds
manggy94 calls 300
eliouze30 checks
*** FLOP *** [Kd 8d Jc]
manggy94 bets 1720 and is all-in
eliouze30 calls 1720
stonefish38 calls 1720
*** TURN *** [Kd 8d Jc][5c]
eliouze30 checks
stonefish38 checks
*** RIVER *** [Kd 8d Jc 5c][7h]
eliouze30 checks
stonefish38 bets 7520
eliouze30 folds
*** SHOW DOWN ***
manggy94 shows [2s Ks] (One pair : Kings)
stonefish38 shows [Ts 9c] (Straight Jack high)
stonefish38 collected 15040 from pot
*** SUMMARY ***
Total pot 15040 | No rake
Board: [Kd 8d Jc 5c 7h]
Seat 1: manggy94 (small blind) showed [2s Ks] and lost with One pair : Kings
Seat 3: stonefish38 showed [Ts 9c] and won 15040 with Straight Jack high


