Winamax Poker - Tournament "Hit&Run Ticket 10€" buyIn: 1.80€ + 0.20€ level:  - HandId: #852096085320007683-1-1497517708 - Holdem no limit (30/125/250) - 2017/06/15 09:08:28 UTC
Table: 'Hit&Run Ticket 10€(198394080)#002' 8-max (real money) Seat #4 is the button
Seat 3: charlu331 (6815)
Seat 4: steeve--B (12210)
Seat 5: FN-2125 (9000)
Seat 7: manggy94 (9000)
*** ANTE/BLINDS ***
FN-2125 posts ante 30
manggy94 posts ante 30
charlu331 posts ante 30
steeve--B posts ante 30
FN-2125 posts small blind 125
manggy94 posts big blind 250
Dealt to manggy94 [Jh 2h]
*** PRE-FLOP *** 
charlu331 raises 750 to 1000
steeve--B folds
FN-2125 folds
manggy94 folds
charlu331 collected 1495 from pot
*** SUMMARY ***
Total pot 1495 | No rake
Seat 3: charlu331 won 1495


Winamax Poker - Tournament "Hit&Run Ticket 10€" buyIn: 1.80€ + 0.20€ level:  - HandId: #852096085320007683-2-1497517736 - Holdem no limit (30/125/250) - 2017/06/15 09:08:56 UTC
Table: 'Hit&Run Ticket 10€(198394080)#002' 8-max (real money) Seat #5 is the button
Seat 2: Milulla (5522)
Seat 3: charlu331 (7280)
Seat 4: steeve--B (12180)
Seat 5: FN-2125 (8845)
Seat 7: manggy94 (8720)
*** ANTE/BLINDS ***
manggy94 posts ante 30
Milulla posts ante 30
charlu331 posts ante 30
steeve--B posts ante 30
FN-2125 posts ante 30
manggy94 posts small blind 125
Milulla posts big blind 250
Dealt to manggy94 [Td 7d]
*** PRE-FLOP *** 
charlu331 folds
steeve--B folds
FN-2125 raises 375 to 625
manggy94 folds
Milulla folds
FN-2125 collected 1150 from pot
*** SUMMARY ***
Total pot 1150 | No rake
Seat 5: FN-2125 (button) won 1150


Winamax Poker - Tournament "Hit&Run Ticket 10€" buyIn: 1.80€ + 0.20€ level: 5 - HandId: #852096085320007683-3-1497517762 - Holdem no limit (40/150/300) - 2017/06/15 09:09:22 UTC
Table: 'Hit&Run Ticket 10€(198394080)#002' 8-max (real money) Seat #7 is the button
Seat 2: Milulla (5242)
Seat 3: charlu331 (7250)
Seat 4: steeve--B (12150)
Seat 5: FN-2125 (9340)
Seat 7: manggy94 (8565)
*** ANTE/BLINDS ***
Milulla posts ante 40
charlu331 posts ante 40
steeve--B posts ante 40
FN-2125 posts ante 40
manggy94 posts ante 40
Milulla posts small blind 150
charlu331 posts big blind 300
Dealt to manggy94 [As 5c]
*** PRE-FLOP *** 
steeve--B folds
FN-2125 folds
manggy94 raises 300 to 600
Milulla folds
charlu331 calls 300
*** FLOP *** [3s Jh 7h]
charlu331 checks
manggy94 bets 775
charlu331 folds
manggy94 collected 2325 from pot
*** SUMMARY ***
Total pot 2325 | No rake
Board: [3s Jh 7h]
Seat 7: manggy94 (button) won 2325


Winamax Poker - Tournament "Hit&Run Ticket 10€" buyIn: 1.80€ + 0.20€ level: 5 - HandId: #852096085320007683-4-1497517802 - Holdem no limit (40/150/300) - 2017/06/15 09:10:02 UTC
Table: 'Hit&Run Ticket 10€(198394080)#002' 8-max (real money) Seat #2 is the button
Seat 2: Milulla (5052)
Seat 3: charlu331 (6610)
Seat 4: steeve--B (12110)
Seat 5: FN-2125 (9300)
Seat 7: manggy94 (9475)
*** ANTE/BLINDS ***
charlu331 posts ante 40
steeve--B posts ante 40
Milulla posts ante 40
FN-2125 posts ante 40
manggy94 posts ante 40
charlu331 posts small blind 150
steeve--B posts big blind 300
Dealt to manggy94 [8c Ad]
*** PRE-FLOP *** 
FN-2125 folds
manggy94 calls 300
Milulla calls 300
charlu331 calls 150
steeve--B checks
*** FLOP *** [6c 2h Kh]
charlu331 bets 450
steeve--B folds
manggy94 folds
Milulla folds
charlu331 collected 1850 from pot
*** SUMMARY ***
Total pot 1850 | No rake
Board: [6c 2h Kh]
Seat 3: charlu331 (small blind) won 1850


Winamax Poker - Tournament "Hit&Run Ticket 10€" buyIn: 1.80€ + 0.20€ level: 5 - HandId: #852096085320007683-5-1497517841 - Holdem no limit (40/150/300) - 2017/06/15 09:10:41 UTC
Table: 'Hit&Run Ticket 10€(198394080)#002' 8-max (real money) Seat #3 is the button
Seat 1: mot9 (9000)
Seat 2: Milulla (4712)
Seat 3: charlu331 (7670)
Seat 4: steeve--B (11770)
Seat 5: FN-2125 (9260)
Seat 7: manggy94 (9135)
*** ANTE/BLINDS ***
steeve--B posts ante 40
FN-2125 posts ante 40
mot9 posts ante 40
Milulla posts ante 40
charlu331 posts ante 40
manggy94 posts ante 40
steeve--B posts small blind 150
FN-2125 posts big blind 300
Dealt to manggy94 [Js 5s]
*** PRE-FLOP *** 
manggy94 folds
mot9 calls 300
Milulla folds
charlu331 folds
steeve--B folds
FN-2125 checks
*** FLOP *** [Ts 5c 6s]
FN-2125 checks
mot9 checks
*** TURN *** [Ts 5c 6s][6c]
FN-2125 bets 495
mot9 folds
FN-2125 collected 1485 from pot
*** SUMMARY ***
Total pot 1485 | No rake
Board: [Ts 5c 6s 6c]
Seat 5: FN-2125 (big blind) won 1485


Winamax Poker - Tournament "Hit&Run Ticket 10€" buyIn: 1.80€ + 0.20€ level: 5 - HandId: #852096085320007683-6-1497517901 - Holdem no limit (40/150/300) - 2017/06/15 09:11:41 UTC
Table: 'Hit&Run Ticket 10€(198394080)#002' 8-max (real money) Seat #4 is the button
Seat 1: mot9 (8660)
Seat 2: Milulla (4672)
Seat 3: charlu331 (7630)
Seat 4: steeve--B (11580)
Seat 5: FN-2125 (9910)
Seat 7: manggy94 (9095)
*** ANTE/BLINDS ***
FN-2125 posts ante 40
manggy94 posts ante 40
mot9 posts ante 40
Milulla posts ante 40
charlu331 posts ante 40
steeve--B posts ante 40
FN-2125 posts small blind 150
manggy94 posts big blind 300
Dealt to manggy94 [Jh 3d]
*** PRE-FLOP *** 
mot9 calls 300
Milulla folds
charlu331 folds
steeve--B folds
FN-2125 raises 900 to 1200
manggy94 folds
mot9 calls 900
*** FLOP *** [7h Ks 3c]
FN-2125 checks
mot9 bets 1470
FN-2125 calls 1470
*** TURN *** [7h Ks 3c][4c]
FN-2125 checks
mot9 checks
*** RIVER *** [7h Ks 3c 4c][6h]
FN-2125 bets 2640
mot9 folds
FN-2125 collected 8520 from pot
*** SUMMARY ***
Total pot 8520 | No rake
Board: [7h Ks 3c 4c 6h]
Seat 5: FN-2125 (small blind) won 8520


Winamax Poker - Tournament "Hit&Run Ticket 10€" buyIn: 1.80€ + 0.20€ level: 5 - HandId: #852096085320007683-7-1497517958 - Holdem no limit (40/150/300) - 2017/06/15 09:12:38 UTC
Table: 'Hit&Run Ticket 10€(198394080)#002' 8-max (real money) Seat #5 is the button
Seat 1: mot9 (5950)
Seat 2: Milulla (4632)
Seat 3: charlu331 (7590)
Seat 4: steeve--B (11540)
Seat 5: FN-2125 (13080)
Seat 7: manggy94 (8755)
*** ANTE/BLINDS ***
manggy94 posts ante 40
mot9 posts ante 40
Milulla posts ante 40
charlu331 posts ante 40
steeve--B posts ante 40
FN-2125 posts ante 40
manggy94 posts small blind 150
mot9 posts big blind 300
Dealt to manggy94 [Jd 4c]
*** PRE-FLOP *** 
Milulla folds
charlu331 folds
steeve--B folds
FN-2125 raises 450 to 750
manggy94 folds
mot9 calls 450
*** FLOP *** [Qd Th 7c]
mot9 checks
FN-2125 bets 945
mot9 folds
FN-2125 collected 2835 from pot
*** SUMMARY ***
Total pot 2835 | No rake
Board: [Qd Th 7c]
Seat 5: FN-2125 (button) won 2835


Winamax Poker - Tournament "Hit&Run Ticket 10€" buyIn: 1.80€ + 0.20€ level: 5 - HandId: #852096085320007683-8-1497517994 - Holdem no limit (40/150/300) - 2017/06/15 09:13:14 UTC
Table: 'Hit&Run Ticket 10€(198394080)#002' 8-max (real money) Seat #7 is the button
Seat 1: mot9 (5160)
Seat 2: Milulla (4592)
Seat 3: charlu331 (7550)
Seat 4: steeve--B (11500)
Seat 5: FN-2125 (14180)
Seat 7: manggy94 (8565)
*** ANTE/BLINDS ***
mot9 posts ante 40
Milulla posts ante 40
charlu331 posts ante 40
steeve--B posts ante 40
FN-2125 posts ante 40
manggy94 posts ante 40
mot9 posts small blind 150
Milulla posts big blind 300
Dealt to manggy94 [6s Ks]
*** PRE-FLOP *** 
charlu331 calls 300
steeve--B folds
FN-2125 folds
manggy94 raises 300 to 600
mot9 calls 450
Milulla calls 300
charlu331 calls 300
*** FLOP *** [3h 3s Qs]
mot9 checks
Milulla checks
charlu331 bets 450
manggy94 calls 450
mot9 raises 1770 to 2220
Milulla folds
charlu331 folds
manggy94 calls 1770
*** TURN *** [3h 3s Qs][9s]
mot9 bets 2300 and is all-in
manggy94 calls 2300
*** RIVER *** [3h 3s Qs 9s][4s]
*** SHOW DOWN ***
mot9 shows [Ts Qc] (Flush Queen high)
manggy94 shows [6s Ks] (Flush King high)
manggy94 collected 12130 from pot
*** SUMMARY ***
Total pot 12130 | No rake
Board: [3h 3s Qs 9s 4s]
Seat 1: mot9 (small blind) showed [Ts Qc] and lost with Flush Queen high
Seat 7: manggy94 (button) showed [6s Ks] and won 12130 with Flush King high


Winamax Poker - Tournament "Hit&Run Ticket 10€" buyIn: 1.80€ + 0.20€ level: 6 - HandId: #852096085320007683-9-1497518122 - Holdem no limit (50/200/400) - 2017/06/15 09:15:22 UTC
Table: 'Hit&Run Ticket 10€(198394080)#002' 8-max (real money) Seat #1 is the button
Seat 2: Milulla (3952)
Seat 3: charlu331 (6460)
Seat 4: steeve--B (11460)
Seat 5: FN-2125 (14140)
Seat 7: manggy94 (15535)
*** ANTE/BLINDS ***
Milulla posts ante 50
charlu331 posts ante 50
steeve--B posts ante 50
FN-2125 posts ante 50
manggy94 posts ante 50
Milulla posts small blind 200
charlu331 posts big blind 400
Dealt to manggy94 [7c Jh]
*** PRE-FLOP *** 
steeve--B folds
FN-2125 folds
manggy94 folds
Milulla folds
charlu331 collected 850 from pot
*** SUMMARY ***
Total pot 850 | No rake
Seat 3: charlu331 (big blind) won 850


Winamax Poker - Tournament "Hit&Run Ticket 10€" buyIn: 1.80€ + 0.20€ level: 6 - HandId: #852096085320007683-10-1497518139 - Holdem no limit (50/200/400) - 2017/06/15 09:15:39 UTC
Table: 'Hit&Run Ticket 10€(198394080)#002' 8-max (real money) Seat #2 is the button
Seat 2: Milulla (3702)
Seat 3: charlu331 (6860)
Seat 4: steeve--B (11410)
Seat 5: FN-2125 (14090)
Seat 7: manggy94 (15485)
*** ANTE/BLINDS ***
charlu331 posts ante 50
steeve--B posts ante 50
Milulla posts ante 50
FN-2125 posts ante 50
manggy94 posts ante 50
charlu331 posts small blind 200
steeve--B posts big blind 400
Dealt to manggy94 [8d Kd]
*** PRE-FLOP *** 
FN-2125 folds
manggy94 raises 400 to 800
Milulla folds
charlu331 folds
steeve--B calls 400
*** FLOP *** [Tc 6c 2d]
steeve--B bets 600
manggy94 calls 600
*** TURN *** [Tc 6c 2d][Ts]
steeve--B bets 1400
manggy94 folds
steeve--B collected 4650 from pot
*** SUMMARY ***
Total pot 4650 | No rake
Board: [Tc 6c 2d Ts]
Seat 4: steeve--B (big blind) won 4650


Winamax Poker - Tournament "Hit&Run Ticket 10€" buyIn: 1.80€ + 0.20€ level: 6 - HandId: #852096085320007683-11-1497518163 - Holdem no limit (50/200/400) - 2017/06/15 09:16:03 UTC
Table: 'Hit&Run Ticket 10€(198394080)#002' 8-max (real money) Seat #3 is the button
Seat 2: Milulla (3652)
Seat 3: charlu331 (6610)
Seat 4: steeve--B (13210)
Seat 5: FN-2125 (14040)
Seat 7: manggy94 (14035)
*** ANTE/BLINDS ***
steeve--B posts ante 50
FN-2125 posts ante 50
Milulla posts ante 50
charlu331 posts ante 50
manggy94 posts ante 50
steeve--B posts small blind 200
FN-2125 posts big blind 400
Dealt to manggy94 [7d Jh]
*** PRE-FLOP *** 
manggy94 folds
Milulla folds
charlu331 folds
steeve--B calls 200
FN-2125 folds
steeve--B collected 1050 from pot
*** SUMMARY ***
Total pot 1050 | No rake
Seat 4: steeve--B (small blind) won 1050


Winamax Poker - Tournament "Hit&Run Ticket 10€" buyIn: 1.80€ + 0.20€ level: 6 - HandId: #852096085320007683-12-1497518174 - Holdem no limit (50/200/400) - 2017/06/15 09:16:14 UTC
Table: 'Hit&Run Ticket 10€(198394080)#002' 8-max (real money) Seat #4 is the button
Seat 2: Milulla (3602)
Seat 3: charlu331 (6560)
Seat 4: steeve--B (13810)
Seat 5: FN-2125 (13590)
Seat 7: manggy94 (13985)
*** ANTE/BLINDS ***
FN-2125 posts ante 50
manggy94 posts ante 50
Milulla posts ante 50
charlu331 posts ante 50
steeve--B posts ante 50
FN-2125 posts small blind 200
manggy94 posts big blind 400
Dealt to manggy94 [9c Qs]
*** PRE-FLOP *** 
Milulla folds
charlu331 folds
steeve--B calls 400
FN-2125 folds
manggy94 checks
*** FLOP *** [Tc 7s Kc]
manggy94 checks
steeve--B bets 400
manggy94 calls 400
*** TURN *** [Tc 7s Kc][3s]
manggy94 bets 400
steeve--B calls 400
*** RIVER *** [Tc 7s Kc 3s][5d]
manggy94 checks
steeve--B checks
*** SHOW DOWN ***
manggy94 shows [9c Qs] (High card : King)
steeve--B shows [Jd Td] (One pair : Tens)
steeve--B collected 2850 from pot
*** SUMMARY ***
Total pot 2850 | No rake
Board: [Tc 7s Kc 3s 5d]
Seat 4: steeve--B (button) showed [Jd Td] and won 2850 with One pair : Tens
Seat 7: manggy94 (big blind) showed [9c Qs] and lost with High card : King


Winamax Poker - Tournament "Hit&Run Ticket 10€" buyIn: 1.80€ + 0.20€ level: 6 - HandId: #852096085320007683-13-1497518195 - Holdem no limit (50/200/400) - 2017/06/15 09:16:35 UTC
Table: 'Hit&Run Ticket 10€(198394080)#002' 8-max (real money) Seat #5 is the button
Seat 2: Milulla (3552)
Seat 3: charlu331 (6510)
Seat 4: steeve--B (15410)
Seat 5: FN-2125 (13340)
Seat 6: NoTmToMssArd (7334)
Seat 7: manggy94 (12735)
*** ANTE/BLINDS ***
manggy94 posts ante 50
Milulla posts ante 50
charlu331 posts ante 50
steeve--B posts ante 50
FN-2125 posts ante 50
manggy94 posts small blind 200
Milulla posts big blind 400
Dealt to manggy94 [8c 8s]
*** PRE-FLOP *** 
charlu331 folds
steeve--B folds
FN-2125 folds
manggy94 raises 800 to 1200
Milulla folds
manggy94 collected 1850 from pot
*** SUMMARY ***
Total pot 1850 | No rake
Seat 7: manggy94 (small blind) won 1850


Winamax Poker - Tournament "Hit&Run Ticket 10€" buyIn: 1.80€ + 0.20€ level: 6 - HandId: #852096085320007683-14-1497518210 - Holdem no limit (50/200/400) - 2017/06/15 09:16:50 UTC
Table: 'Hit&Run Ticket 10€(198394080)#002' 8-max (real money) Seat #7 is the button
Seat 2: Milulla (3102)
Seat 3: charlu331 (6460)
Seat 4: steeve--B (15360)
Seat 5: FN-2125 (13290)
Seat 6: NoTmToMssArd (7334)
Seat 7: manggy94 (13335)
*** ANTE/BLINDS ***
Milulla posts ante 50
charlu331 posts ante 50
steeve--B posts ante 50
FN-2125 posts ante 50
NoTmToMssArd posts ante 50
manggy94 posts ante 50
Milulla posts small blind 200
charlu331 posts big blind 400
Dealt to manggy94 [3h 6s]
*** PRE-FLOP *** 
steeve--B calls 400
FN-2125 folds
NoTmToMssArd folds
manggy94 folds
Milulla folds
charlu331 checks
*** FLOP *** [Qh 9c Qc]
charlu331 checks
steeve--B bets 400
charlu331 calls 400
*** TURN *** [Qh 9c Qc][8s]
charlu331 bets 400
steeve--B folds
charlu331 collected 2500 from pot
*** SUMMARY ***
Total pot 2500 | No rake
Board: [Qh 9c Qc 8s]
Seat 3: charlu331 (big blind) won 2500


Winamax Poker - Tournament "Hit&Run Ticket 10€" buyIn: 1.80€ + 0.20€ level: 6 - HandId: #852096085320007683-15-1497518243 - Holdem no limit (50/200/400) - 2017/06/15 09:17:23 UTC
Table: 'Hit&Run Ticket 10€(198394080)#002' 8-max (real money) Seat #2 is the button
Seat 2: Milulla (2852)
Seat 3: charlu331 (7710)
Seat 4: steeve--B (14510)
Seat 5: FN-2125 (13240)
Seat 6: NoTmToMssArd (7284)
Seat 7: manggy94 (13285)
*** ANTE/BLINDS ***
charlu331 posts ante 50
steeve--B posts ante 50
Milulla posts ante 50
FN-2125 posts ante 50
NoTmToMssArd posts ante 50
manggy94 posts ante 50
charlu331 posts small blind 200
steeve--B posts big blind 400
Dealt to manggy94 [4h 2s]
*** PRE-FLOP *** 
FN-2125 folds
NoTmToMssArd folds
manggy94 folds
Milulla raises 2402 to 2802 and is all-in
charlu331 folds
steeve--B folds
Milulla collected 3702 from pot
*** SUMMARY ***
Total pot 3702 | No rake
Seat 2: Milulla (button) won 3702


Winamax Poker - Tournament "Hit&Run Ticket 10€" buyIn: 1.80€ + 0.20€ level: 6 - HandId: #852096085320007683-16-1497518268 - Holdem no limit (50/200/400) - 2017/06/15 09:17:48 UTC
Table: 'Hit&Run Ticket 10€(198394080)#002' 8-max (real money) Seat #3 is the button
Seat 2: Milulla (3702)
Seat 3: charlu331 (7460)
Seat 4: steeve--B (14060)
Seat 5: FN-2125 (13190)
Seat 6: NoTmToMssArd (7234)
Seat 7: manggy94 (13235)
*** ANTE/BLINDS ***
steeve--B posts ante 50
FN-2125 posts ante 50
Milulla posts ante 50
charlu331 posts ante 50
NoTmToMssArd posts ante 50
manggy94 posts ante 50
steeve--B posts small blind 200
FN-2125 posts big blind 400
Dealt to manggy94 [6s Th]
*** PRE-FLOP *** 
NoTmToMssArd folds
manggy94 folds
Milulla raises 3252 to 3652 and is all-in
charlu331 folds
steeve--B folds
FN-2125 folds
Milulla collected 4552 from pot
*** SUMMARY ***
Total pot 4552 | No rake
Seat 2: Milulla won 4552


Winamax Poker - Tournament "Hit&Run Ticket 10€" buyIn: 1.80€ + 0.20€ level: 6 - HandId: #852096085320007683-17-1497518292 - Holdem no limit (50/200/400) - 2017/06/15 09:18:12 UTC
Table: 'Hit&Run Ticket 10€(198394080)#002' 8-max (real money) Seat #4 is the button
Seat 2: Milulla (4552)
Seat 3: charlu331 (7410)
Seat 4: steeve--B (13810)
Seat 5: FN-2125 (12740)
Seat 6: NoTmToMssArd (7184)
Seat 7: manggy94 (13185)
*** ANTE/BLINDS ***
FN-2125 posts ante 50
NoTmToMssArd posts ante 50
Milulla posts ante 50
charlu331 posts ante 50
steeve--B posts ante 50
manggy94 posts ante 50
FN-2125 posts small blind 200
NoTmToMssArd posts big blind 400
Dealt to manggy94 [8d Qc]
*** PRE-FLOP *** 
manggy94 folds
Milulla folds
charlu331 folds
steeve--B calls 400
FN-2125 folds
NoTmToMssArd checks
*** FLOP *** [Jc Qd 4s]
NoTmToMssArd checks
steeve--B bets 600
NoTmToMssArd folds
steeve--B collected 1900 from pot
*** SUMMARY ***
Total pot 1900 | No rake
Board: [Jc Qd 4s]
Seat 4: steeve--B (button) won 1900


Winamax Poker - Tournament "Hit&Run Ticket 10€" buyIn: 1.80€ + 0.20€ level: 6 - HandId: #852096085320007683-18-1497518334 - Holdem no limit (50/200/400) - 2017/06/15 09:18:54 UTC
Table: 'Hit&Run Ticket 10€(198394080)#002' 8-max (real money) Seat #5 is the button
Seat 2: Milulla (4518)
Seat 3: charlu331 (7375)
Seat 4: steeve--B (14675)
Seat 5: FN-2125 (12505)
Seat 6: NoTmToMssArd (6750)
Seat 7: manggy94 (13150)
*** ANTE/BLINDS ***
NoTmToMssArd posts ante 50
manggy94 posts ante 50
Milulla posts ante 50
charlu331 posts ante 50
steeve--B posts ante 50
FN-2125 posts ante 50
NoTmToMssArd posts small blind 200
manggy94 posts big blind 400
Dealt to manggy94 [Kd Js]
*** PRE-FLOP *** 
Milulla folds
charlu331 folds
steeve--B folds
FN-2125 folds
NoTmToMssArd calls 200
manggy94 checks
*** FLOP *** [Kc 2c 9d]
NoTmToMssArd bets 550
manggy94 calls 550
*** TURN *** [Kc 2c 9d][4h]
NoTmToMssArd bets 1100
manggy94 raises 1100 to 2200
NoTmToMssArd raises 3550 to 5750 and is all-in
manggy94 calls 3550
*** RIVER *** [Kc 2c 9d 4h][Td]
*** SHOW DOWN ***
NoTmToMssArd shows [Qc Qs] (One pair : Queens)
manggy94 shows [Kd Js] (One pair : Kings)
manggy94 collected 13700 from pot
*** SUMMARY ***
Total pot 13700 | No rake
Board: [Kc 2c 9d 4h Td]
Seat 6: NoTmToMssArd (small blind) showed [Qc Qs] and lost with One pair : Queens
Seat 7: manggy94 (big blind) showed [Kd Js] and won 13700 with One pair : Kings


Winamax Poker - Tournament "Hit&Run Ticket 10€" buyIn: 1.80€ + 0.20€ level: 6 - HandId: #852096085320007682-26-1497518411 - Holdem no limit (50/200/400) - 2017/06/15 09:20:11 UTC
Table: 'Hit&Run Ticket 10€(198394080)#001' 8-max (real money) Seat #4 is the button
Seat 1: lefishdu78 (19874)
Seat 3: manggy94 (20100)
Seat 4: winnie200315 (17539)
Seat 5: JackEventrAS (26505)
Seat 7: charlu331 (7325)
Seat 8: Pyramygdalle (7765)
*** ANTE/BLINDS ***
JackEventrAS posts ante 50
charlu331 posts ante 50
lefishdu78 posts ante 50
manggy94 posts ante 50
winnie200315 posts ante 50
Pyramygdalle posts ante 50
JackEventrAS posts small blind 200
charlu331 posts big blind 400
Dealt to manggy94 [3d Jh]
*** PRE-FLOP *** 
Pyramygdalle folds
lefishdu78 raises 400 to 800
manggy94 folds
winnie200315 calls 800
JackEventrAS calls 600
charlu331 calls 400
*** FLOP *** [7h 2s 9d]
JackEventrAS checks
charlu331 bets 1750
lefishdu78 folds
winnie200315 folds
JackEventrAS calls 1750
*** TURN *** [7h 2s 9d][5d]
JackEventrAS checks
charlu331 bets 4725 and is all-in
JackEventrAS calls 4725
*** RIVER *** [7h 2s 9d 5d][8h]
*** SHOW DOWN ***
charlu331 shows [As 2c] (One pair : 2)
JackEventrAS shows [8d 6d] (Straight 9 high)
JackEventrAS collected 16450 from pot
*** SUMMARY ***
Total pot 16450 | No rake
Board: [7h 2s 9d 5d 8h]
Seat 5: JackEventrAS (small blind) showed [8d 6d] and won 16450 with Straight 9 high
Seat 7: charlu331 (big blind) showed [As 2c] and lost with One pair : 2


Winamax Poker - Tournament "Hit&Run Ticket 10€" buyIn: 1.80€ + 0.20€ level: 7 - HandId: #852096085320007682-27-1497518488 - Holdem no limit (60/250/500) - 2017/06/15 09:21:28 UTC
Table: 'Hit&Run Ticket 10€(198394080)#001' 8-max (real money) Seat #5 is the button
Seat 1: lefishdu78 (19024)
Seat 3: manggy94 (20050)
Seat 4: winnie200315 (16689)
Seat 5: JackEventrAS (35630)
Seat 8: Pyramygdalle (7715)
*** ANTE/BLINDS ***
Pyramygdalle posts ante 60
lefishdu78 posts ante 60
manggy94 posts ante 60
winnie200315 posts ante 60
JackEventrAS posts ante 60
Pyramygdalle posts big blind 500
Dealt to manggy94 [3c Jc]
*** PRE-FLOP *** 
lefishdu78 folds
manggy94 folds
winnie200315 folds
JackEventrAS folds
Pyramygdalle collected 800 from pot
*** SUMMARY ***
Total pot 800 | No rake
Seat 8: Pyramygdalle (big blind) won 800


Winamax Poker - Tournament "Hit&Run Ticket 10€" buyIn: 1.80€ + 0.20€ level: 7 - HandId: #852096085320007682-28-1497518519 - Holdem no limit (60/250/500) - 2017/06/15 09:21:59 UTC
Table: 'Hit&Run Ticket 10€(198394080)#001' 8-max (real money) Seat #7 is the button
Seat 1: lefishdu78 (18964)
Seat 3: manggy94 (19990)
Seat 4: winnie200315 (16629)
Seat 5: JackEventrAS (35570)
Seat 6: steeve--B (13175)
Seat 7: HellMomow (20826)
Seat 8: Pyramygdalle (7955)
*** ANTE/BLINDS ***
Pyramygdalle posts ante 60
lefishdu78 posts ante 60
manggy94 posts ante 60
winnie200315 posts ante 60
JackEventrAS posts ante 60
steeve--B posts ante 60
Pyramygdalle posts small blind 250
lefishdu78 posts big blind 500
Dealt to manggy94 [8d 5s]
*** PRE-FLOP *** 
manggy94 folds
winnie200315 folds
JackEventrAS folds
steeve--B raises 500 to 1000
Pyramygdalle calls 750
lefishdu78 calls 500
*** FLOP *** [5d Js 9c]
Pyramygdalle checks
lefishdu78 checks
steeve--B bets 1500
Pyramygdalle calls 1500
lefishdu78 calls 1500
*** TURN *** [5d Js 9c][7s]
Pyramygdalle checks
lefishdu78 checks
steeve--B checks
*** RIVER *** [5d Js 9c 7s][3h]
Pyramygdalle bets 5395 and is all-in
lefishdu78 folds
steeve--B folds
Pyramygdalle collected 13255 from pot
*** SUMMARY ***
Total pot 13255 | No rake
Board: [5d Js 9c 7s 3h]
Seat 8: Pyramygdalle (small blind) won 13255


Winamax Poker - Tournament "Hit&Run Ticket 10€" buyIn: 1.80€ + 0.20€ level: 7 - HandId: #852096085320007682-29-1497518572 - Holdem no limit (60/250/500) - 2017/06/15 09:22:52 UTC
Table: 'Hit&Run Ticket 10€(198394080)#001' 8-max (real money) Seat #8 is the button
Seat 1: lefishdu78 (16404)
Seat 3: manggy94 (19930)
Seat 4: winnie200315 (16569)
Seat 5: JackEventrAS (35510)
Seat 6: steeve--B (10615)
Seat 7: HellMomow (20826)
Seat 8: Pyramygdalle (13255)
*** ANTE/BLINDS ***
lefishdu78 posts ante 60
manggy94 posts ante 60
winnie200315 posts ante 60
JackEventrAS posts ante 60
steeve--B posts ante 60
HellMomow posts ante 60
Pyramygdalle posts ante 60
lefishdu78 posts small blind 250
manggy94 posts big blind 500
Dealt to manggy94 [6d Qh]
*** PRE-FLOP *** 
winnie200315 folds
JackEventrAS folds
steeve--B raises 10055 to 10555 and is all-in
HellMomow folds
Pyramygdalle raises 2640 to 13195 and is all-in
lefishdu78 folds
manggy94 folds
*** FLOP *** [Ah 7h 4s]
*** TURN *** [Ah 7h 4s][6h]
*** RIVER *** [Ah 7h 4s 6h][5d]
*** SHOW DOWN ***
steeve--B shows [2d 2s] (One pair : 2)
Pyramygdalle shows [Ac 9c] (One pair : Aces)
Pyramygdalle collected 24920 from pot
*** SUMMARY ***
Total pot 24920 | No rake
Board: [Ah 7h 4s 6h 5d]
Seat 6: steeve--B showed [2d 2s] and lost with One pair : 2
Seat 8: Pyramygdalle (button) showed [Ac 9c] and won 24920 with One pair : Aces


Winamax Poker - Tournament "Hit&Run Ticket 10€" buyIn: 1.80€ + 0.20€ level: 7 - HandId: #852096085320007682-30-1497518615 - Holdem no limit (60/250/500) - 2017/06/15 09:23:35 UTC
Table: 'Hit&Run Ticket 10€(198394080)#001' 8-max (real money) Seat #1 is the button
Seat 1: lefishdu78 (16094)
Seat 3: manggy94 (19370)
Seat 4: winnie200315 (16509)
Seat 5: JackEventrAS (35450)
Seat 7: HellMomow (20766)
Seat 8: Pyramygdalle (24920)
*** ANTE/BLINDS ***
manggy94 posts ante 60
winnie200315 posts ante 60
lefishdu78 posts ante 60
JackEventrAS posts ante 60
HellMomow posts ante 60
Pyramygdalle posts ante 60
manggy94 posts small blind 250
winnie200315 posts big blind 500
Dealt to manggy94 [6c 7s]
*** PRE-FLOP *** 
JackEventrAS folds
HellMomow raises 720 to 1220
Pyramygdalle folds
lefishdu78 folds
manggy94 folds
winnie200315 calls 720
*** FLOP *** [6d Jc Qd]
winnie200315 checks
HellMomow bets 1250
winnie200315 calls 1250
*** TURN *** [6d Jc Qd][4h]
winnie200315 checks
HellMomow checks
*** RIVER *** [6d Jc Qd 4h][5d]
winnie200315 bets 4163
HellMomow folds
winnie200315 collected 9713 from pot
*** SUMMARY ***
Total pot 9713 | No rake
Board: [6d Jc Qd 4h 5d]
Seat 4: winnie200315 (big blind) won 9713


Winamax Poker - Tournament "Hit&Run Ticket 10€" buyIn: 1.80€ + 0.20€ level: 7 - HandId: #852096085320007682-31-1497518658 - Holdem no limit (60/250/500) - 2017/06/15 09:24:18 UTC
Table: 'Hit&Run Ticket 10€(198394080)#001' 8-max (real money) Seat #3 is the button
Seat 1: lefishdu78 (16034)
Seat 3: manggy94 (19060)
Seat 4: winnie200315 (19529)
Seat 5: JackEventrAS (35390)
Seat 7: HellMomow (18236)
Seat 8: Pyramygdalle (24860)
*** ANTE/BLINDS ***
winnie200315 posts ante 60
JackEventrAS posts ante 60
lefishdu78 posts ante 60
manggy94 posts ante 60
HellMomow posts ante 60
Pyramygdalle posts ante 60
winnie200315 posts small blind 250
JackEventrAS posts big blind 500
Dealt to manggy94 [5c 2s]
*** PRE-FLOP *** 
HellMomow raises 750 to 1250
Pyramygdalle folds
lefishdu78 folds
manggy94 folds
winnie200315 raises 3750 to 5000
JackEventrAS folds
HellMomow calls 3750
*** FLOP *** [Ks Tc 2d]
winnie200315 bets 7240
HellMomow folds
winnie200315 collected 18100 from pot
*** SUMMARY ***
Total pot 18100 | No rake
Board: [Ks Tc 2d]
Seat 4: winnie200315 (small blind) won 18100


Winamax Poker - Tournament "Hit&Run Ticket 10€" buyIn: 1.80€ + 0.20€ level: 7 - HandId: #852096085320007682-32-1497518699 - Holdem no limit (60/250/500) - 2017/06/15 09:24:59 UTC
Table: 'Hit&Run Ticket 10€(198394080)#001' 8-max (real money) Seat #4 is the button
Seat 1: lefishdu78 (15974)
Seat 3: manggy94 (19000)
Seat 4: winnie200315 (25329)
Seat 5: JackEventrAS (34830)
Seat 7: HellMomow (13176)
Seat 8: Pyramygdalle (24800)
*** ANTE/BLINDS ***
JackEventrAS posts ante 60
HellMomow posts ante 60
lefishdu78 posts ante 60
manggy94 posts ante 60
winnie200315 posts ante 60
Pyramygdalle posts ante 60
JackEventrAS posts small blind 250
HellMomow posts big blind 500
Dealt to manggy94 [9d 2d]
*** PRE-FLOP *** 
Pyramygdalle folds
lefishdu78 folds
manggy94 folds
winnie200315 folds
JackEventrAS raises 750 to 1250
HellMomow folds
JackEventrAS collected 2110 from pot
*** SUMMARY ***
Total pot 2110 | No rake
Seat 5: JackEventrAS (small blind) won 2110


Winamax Poker - Tournament "Hit&Run Ticket 10€" buyIn: 1.80€ + 0.20€ level: 7 - HandId: #852096085320007682-33-1497518732 - Holdem no limit (60/250/500) - 2017/06/15 09:25:32 UTC
Table: 'Hit&Run Ticket 10€(198394080)#001' 8-max (real money) Seat #5 is the button
Seat 1: lefishdu78 (15914)
Seat 3: manggy94 (18940)
Seat 4: winnie200315 (25269)
Seat 5: JackEventrAS (35630)
Seat 6: Hippolipo (9000)
Seat 7: HellMomow (12616)
Seat 8: Pyramygdalle (24740)
*** ANTE/BLINDS ***
HellMomow posts ante 60
Pyramygdalle posts ante 60
lefishdu78 posts ante 60
manggy94 posts ante 60
winnie200315 posts ante 60
JackEventrAS posts ante 60
HellMomow posts small blind 250
Pyramygdalle posts big blind 500
Dealt to manggy94 [9h Ah]
*** PRE-FLOP *** 
lefishdu78 folds
manggy94 raises 500 to 1000
winnie200315 folds
JackEventrAS folds
HellMomow folds
Pyramygdalle calls 500
*** FLOP *** [Qd 7c 7s]
Pyramygdalle checks
manggy94 bets 1000
Pyramygdalle calls 1000
*** TURN *** [Qd 7c 7s][5d]
Pyramygdalle checks
manggy94 checks
*** RIVER *** [Qd 7c 7s 5d][Js]
Pyramygdalle bets 2658
manggy94 calls 2658
*** SHOW DOWN ***
Pyramygdalle shows [3d 4h] (One pair : 7)
manggy94 shows [9h Ah] (One pair : 7)
manggy94 collected 9926 from pot
*** SUMMARY ***
Total pot 9926 | No rake
Board: [Qd 7c 7s 5d Js]
Seat 3: manggy94 showed [9h Ah] and won 9926 with One pair : 7
Seat 8: Pyramygdalle (big blind) showed [3d 4h] and lost with One pair : 7


Winamax Poker - Tournament "Hit&Run Ticket 10€" buyIn: 1.80€ + 0.20€ level: 7 - HandId: #852096085320007682-34-1497518780 - Holdem no limit (60/250/500) - 2017/06/15 09:26:20 UTC
Table: 'Hit&Run Ticket 10€(198394080)#001' 8-max (real money) Seat #7 is the button
Seat 1: lefishdu78 (15854)
Seat 3: manggy94 (24148)
Seat 4: winnie200315 (25209)
Seat 5: JackEventrAS (35570)
Seat 6: Hippolipo (9000)
Seat 7: HellMomow (12306)
Seat 8: Pyramygdalle (20022)
*** ANTE/BLINDS ***
Pyramygdalle posts ante 60
lefishdu78 posts ante 60
manggy94 posts ante 60
winnie200315 posts ante 60
JackEventrAS posts ante 60
Hippolipo posts ante 60
HellMomow posts ante 60
Pyramygdalle posts small blind 250
lefishdu78 posts big blind 500
Dealt to manggy94 [7d Ks]
*** PRE-FLOP *** 
manggy94 folds
winnie200315 folds
JackEventrAS raises 750 to 1250
Hippolipo folds
HellMomow folds
Pyramygdalle folds
lefishdu78 folds
JackEventrAS collected 2420 from pot
*** SUMMARY ***
Total pot 2420 | No rake
Seat 5: JackEventrAS won 2420


Winamax Poker - Tournament "Hit&Run Ticket 10€" buyIn: 1.80€ + 0.20€ level: 8 - HandId: #852096085320007681-52-1497518845 - Holdem no limit (80/300/600) - 2017/06/15 09:27:25 UTC
Table: 'Hit&Run Ticket 10€(198394080)#000' 8-max (real money) Seat #8 is the button
Seat 2: manggy94 (24088)
Seat 3: YconcombreY (6290)
Seat 4: IzLaSeS (10310)
Seat 6: FN-2125 (27268)
Seat 7: GREGO062 (22935)
Seat 8: Ravenswood13 (11088)
*** ANTE/BLINDS ***
manggy94 posts ante 80
YconcombreY posts ante 80
IzLaSeS posts ante 80
FN-2125 posts ante 80
GREGO062 posts ante 80
Ravenswood13 posts ante 80
manggy94 posts big blind 600
Dealt to manggy94 [Qs Kh]
*** PRE-FLOP *** 
YconcombreY folds
IzLaSeS folds
FN-2125 folds
GREGO062 folds
Ravenswood13 raises 1680 to 2280
manggy94 calls 1680
*** FLOP *** [9s Tc As]
manggy94 checks
Ravenswood13 checks
*** TURN *** [9s Tc As][Ah]
manggy94 bets 2520
Ravenswood13 folds
manggy94 collected 7560 from pot
*** SUMMARY ***
Total pot 7560 | No rake
Board: [9s Tc As Ah]
Seat 2: manggy94 (big blind) won 7560


Winamax Poker - Tournament "Hit&Run Ticket 10€" buyIn: 1.80€ + 0.20€ level: 8 - HandId: #852096085320007681-53-1497518873 - Holdem no limit (80/300/600) - 2017/06/15 09:27:53 UTC
Table: 'Hit&Run Ticket 10€(198394080)#000' 8-max (real money) Seat #1 is the button
Seat 2: manggy94 (26768)
Seat 3: YconcombreY (6210)
Seat 4: IzLaSeS (10230)
Seat 6: FN-2125 (27188)
Seat 7: GREGO062 (22855)
Seat 8: Ravenswood13 (8728)
*** ANTE/BLINDS ***
manggy94 posts ante 80
YconcombreY posts ante 80
IzLaSeS posts ante 80
FN-2125 posts ante 80
GREGO062 posts ante 80
Ravenswood13 posts ante 80
manggy94 posts small blind 300
YconcombreY posts big blind 600
Dealt to manggy94 [7s 2h]
*** PRE-FLOP *** 
IzLaSeS folds
FN-2125 raises 900 to 1500
GREGO062 calls 1500
Ravenswood13 folds
manggy94 folds
YconcombreY folds
*** FLOP *** [Qs Ks 5h]
FN-2125 bets 2190
GREGO062 folds
FN-2125 collected 6570 from pot
*** SUMMARY ***
Total pot 6570 | No rake
Board: [Qs Ks 5h]
Seat 6: FN-2125 won 6570


Winamax Poker - Tournament "Hit&Run Ticket 10€" buyIn: 1.80€ + 0.20€ level: 8 - HandId: #852096085320007681-54-1497518918 - Holdem no limit (80/300/600) - 2017/06/15 09:28:38 UTC
Table: 'Hit&Run Ticket 10€(198394080)#000' 8-max (real money) Seat #2 is the button
Seat 2: manggy94 (26388)
Seat 3: YconcombreY (5530)
Seat 4: IzLaSeS (10150)
Seat 6: FN-2125 (29988)
Seat 7: GREGO062 (21275)
Seat 8: Ravenswood13 (8648)
*** ANTE/BLINDS ***
YconcombreY posts ante 80
IzLaSeS posts ante 80
manggy94 posts ante 80
FN-2125 posts ante 80
GREGO062 posts ante 80
Ravenswood13 posts ante 80
YconcombreY posts small blind 300
IzLaSeS posts big blind 600
Dealt to manggy94 [4h 6s]
*** PRE-FLOP *** 
FN-2125 folds
GREGO062 calls 600
Ravenswood13 folds
manggy94 folds
YconcombreY calls 300
IzLaSeS checks
*** FLOP *** [Ad Ah Jh]
YconcombreY checks
IzLaSeS checks
GREGO062 checks
*** TURN *** [Ad Ah Jh][4d]
YconcombreY checks
IzLaSeS checks
GREGO062 checks
*** RIVER *** [Ad Ah Jh 4d][Jc]
YconcombreY bets 1140
IzLaSeS folds
GREGO062 folds
YconcombreY collected 3420 from pot
*** SUMMARY ***
Total pot 3420 | No rake
Board: [Ad Ah Jh 4d Jc]
Seat 3: YconcombreY (small blind) won 3420


Winamax Poker - Tournament "Hit&Run Ticket 10€" buyIn: 1.80€ + 0.20€ level: 8 - HandId: #852096085320007681-55-1497518965 - Holdem no limit (80/300/600) - 2017/06/15 09:29:25 UTC
Table: 'Hit&Run Ticket 10€(198394080)#000' 8-max (real money) Seat #3 is the button
Seat 2: manggy94 (26308)
Seat 3: YconcombreY (7130)
Seat 4: IzLaSeS (9470)
Seat 6: FN-2125 (29908)
Seat 7: GREGO062 (20595)
Seat 8: Ravenswood13 (8568)
*** ANTE/BLINDS ***
IzLaSeS posts ante 80
FN-2125 posts ante 80
manggy94 posts ante 80
YconcombreY posts ante 80
GREGO062 posts ante 80
Ravenswood13 posts ante 80
IzLaSeS posts small blind 300
FN-2125 posts big blind 600
Dealt to manggy94 [6s Kh]
*** PRE-FLOP *** 
GREGO062 folds
Ravenswood13 folds
manggy94 calls 600
YconcombreY folds
IzLaSeS calls 300
FN-2125 checks
*** FLOP *** [8s 9h 5d]
IzLaSeS checks
FN-2125 checks
manggy94 checks
*** TURN *** [8s 9h 5d][9d]
IzLaSeS bets 980
FN-2125 folds
manggy94 folds
IzLaSeS collected 3260 from pot
*** SUMMARY ***
Total pot 3260 | No rake
Board: [8s 9h 5d 9d]
Seat 4: IzLaSeS (small blind) won 3260


Winamax Poker - Tournament "Hit&Run Ticket 10€" buyIn: 1.80€ + 0.20€ level: 8 - HandId: #852096085320007681-56-1497519001 - Holdem no limit (80/300/600) - 2017/06/15 09:30:01 UTC
Table: 'Hit&Run Ticket 10€(198394080)#000' 8-max (real money) Seat #4 is the button
Seat 2: manggy94 (25628)
Seat 3: YconcombreY (7050)
Seat 4: IzLaSeS (11070)
Seat 6: FN-2125 (29228)
Seat 7: GREGO062 (20515)
Seat 8: Ravenswood13 (8488)
*** ANTE/BLINDS ***
FN-2125 posts ante 80
GREGO062 posts ante 80
manggy94 posts ante 80
YconcombreY posts ante 80
IzLaSeS posts ante 80
Ravenswood13 posts ante 80
FN-2125 posts small blind 300
GREGO062 posts big blind 600
Dealt to manggy94 [Js Qd]
*** PRE-FLOP *** 
Ravenswood13 folds
manggy94 raises 600 to 1200
YconcombreY calls 1200
IzLaSeS folds
FN-2125 raises 4380 to 5580
GREGO062 folds
manggy94 folds
YconcombreY folds
FN-2125 collected 9060 from pot
*** SUMMARY ***
Total pot 9060 | No rake
Seat 6: FN-2125 (small blind) won 9060


Winamax Poker - Tournament "Hit&Run Ticket 10€" buyIn: 1.80€ + 0.20€ level: 8 - HandId: #852096085320007681-57-1497519051 - Holdem no limit (80/300/600) - 2017/06/15 09:30:51 UTC
Table: 'Hit&Run Ticket 10€(198394080)#000' 8-max (real money) Seat #6 is the button
Seat 2: manggy94 (24348)
Seat 3: YconcombreY (5770)
Seat 4: IzLaSeS (10990)
Seat 6: FN-2125 (32628)
Seat 7: GREGO062 (19835)
Seat 8: Ravenswood13 (8408)
*** ANTE/BLINDS ***
GREGO062 posts ante 80
Ravenswood13 posts ante 80
manggy94 posts ante 80
YconcombreY posts ante 80
IzLaSeS posts ante 80
FN-2125 posts ante 80
GREGO062 posts small blind 300
Ravenswood13 posts big blind 600
Dealt to manggy94 [2d 9s]
*** PRE-FLOP *** 
manggy94 folds
YconcombreY folds
IzLaSeS folds
FN-2125 folds
GREGO062 folds
Ravenswood13 collected 1380 from pot
*** SUMMARY ***
Total pot 1380 | No rake
Seat 8: Ravenswood13 (big blind) won 1380


Winamax Poker - Tournament "Hit&Run Ticket 10€" buyIn: 1.80€ + 0.20€ level: 8 - HandId: #852096085320007681-58-1497519062 - Holdem no limit (80/300/600) - 2017/06/15 09:31:02 UTC
Table: 'Hit&Run Ticket 10€(198394080)#000' 8-max (real money) Seat #7 is the button
Seat 2: manggy94 (24268)
Seat 3: YconcombreY (5690)
Seat 4: IzLaSeS (10910)
Seat 6: FN-2125 (32548)
Seat 7: GREGO062 (19455)
Seat 8: Ravenswood13 (9108)
*** ANTE/BLINDS ***
Ravenswood13 posts ante 80
manggy94 posts ante 80
YconcombreY posts ante 80
IzLaSeS posts ante 80
FN-2125 posts ante 80
GREGO062 posts ante 80
Ravenswood13 posts small blind 300
manggy94 posts big blind 600
Dealt to manggy94 [Qd Ac]
*** PRE-FLOP *** 
YconcombreY calls 600
IzLaSeS folds
FN-2125 folds
GREGO062 calls 600
Ravenswood13 calls 300
manggy94 raises 1200 to 1800
YconcombreY folds
GREGO062 calls 1200
Ravenswood13 calls 1200
*** FLOP *** [3h 2h Kh]
Ravenswood13 checks
manggy94 bets 3240
GREGO062 calls 3240
Ravenswood13 calls 3240
*** TURN *** [3h 2h Kh][3c]
Ravenswood13 checks
manggy94 checks
GREGO062 bets 600
Ravenswood13 calls 600
manggy94 calls 600
*** RIVER *** [3h 2h Kh 3c][9s]
Ravenswood13 checks
manggy94 checks
GREGO062 bets 600
Ravenswood13 calls 600
manggy94 calls 600
*** SHOW DOWN ***
manggy94 shows [Qd Ac] (One pair : 3)
GREGO062 shows [8s 8h] (Two pairs : 8 and 3)
Ravenswood13 shows [As 9h] (Two pairs : 9 and 3)
Ravenswood13 collected 19800 from pot
*** SUMMARY ***
Total pot 19800 | No rake
Board: [3h 2h Kh 3c 9s]
Seat 2: manggy94 (big blind) showed [Qd Ac] and lost with One pair : 3
Seat 7: GREGO062 (button) showed [8s 8h] and lost with Two pairs : 8 and 3
Seat 8: Ravenswood13 (small blind) showed [As 9h] and won 19800 with Two pairs : 9 and 3


Winamax Poker - Tournament "Hit&Run Ticket 10€" buyIn: 1.80€ + 0.20€ level: 8 - HandId: #852096085320007681-59-1497519120 - Holdem no limit (80/300/600) - 2017/06/15 09:32:00 UTC
Table: 'Hit&Run Ticket 10€(198394080)#000' 8-max (real money) Seat #8 is the button
Seat 2: manggy94 (17948)
Seat 3: YconcombreY (5010)
Seat 4: IzLaSeS (10830)
Seat 6: FN-2125 (32468)
Seat 7: GREGO062 (13135)
Seat 8: Ravenswood13 (22588)
*** ANTE/BLINDS ***
manggy94 posts ante 80
YconcombreY posts ante 80
IzLaSeS posts ante 80
FN-2125 posts ante 80
GREGO062 posts ante 80
Ravenswood13 posts ante 80
manggy94 posts small blind 300
YconcombreY posts big blind 600
Dealt to manggy94 [Kc Js]
*** PRE-FLOP *** 
IzLaSeS folds
FN-2125 raises 900 to 1500
GREGO062 calls 1500
Ravenswood13 folds
manggy94 calls 1200
YconcombreY calls 900
*** FLOP *** [8s 8h 7h]
manggy94 checks
YconcombreY checks
FN-2125 checks
GREGO062 bets 2100
manggy94 folds
YconcombreY folds
FN-2125 folds
GREGO062 collected 8580 from pot
*** SUMMARY ***
Total pot 8580 | No rake
Board: [8s 8h 7h]
Seat 7: GREGO062 won 8580


Winamax Poker - Tournament "Hit&Run Ticket 10€" buyIn: 1.80€ + 0.20€ level: 9 - HandId: #852096085320007681-60-1497519210 - Holdem no limit (100/400/800) - 2017/06/15 09:33:30 UTC
Table: 'Hit&Run Ticket 10€(198394080)#000' 8-max (real money) Seat #2 is the button
Seat 1: TITl (9427)
Seat 2: manggy94 (16794)
Seat 3: YconcombreY (3857)
Seat 4: IzLaSeS (11176)
Seat 5: Breakingbad4 (9427)
Seat 6: FN-2125 (31314)
Seat 7: GREGO062 (18461)
Seat 8: Ravenswood13 (22934)
*** ANTE/BLINDS ***
YconcombreY posts ante 100
IzLaSeS posts ante 100
TITl posts ante 100
manggy94 posts ante 100
Breakingbad4 posts ante 100
FN-2125 posts ante 100
GREGO062 posts ante 100
Ravenswood13 posts ante 100
YconcombreY posts small blind 400
IzLaSeS posts big blind 800
Dealt to manggy94 [Jd 8d]
*** PRE-FLOP *** 
Breakingbad4 folds
FN-2125 folds
GREGO062 folds
Ravenswood13 folds
TITl folds
manggy94 calls 800
YconcombreY folds
IzLaSeS checks
*** FLOP *** [5d Qh 9c]
IzLaSeS checks
manggy94 checks
*** TURN *** [5d Qh 9c][4d]
IzLaSeS checks
manggy94 bets 1400
IzLaSeS folds
manggy94 collected 4200 from pot
*** SUMMARY ***
Total pot 4200 | No rake
Board: [5d Qh 9c 4d]
Seat 2: manggy94 (button) won 4200


Winamax Poker - Tournament "Hit&Run Ticket 10€" buyIn: 1.80€ + 0.20€ level: 9 - HandId: #852096085320007681-61-1497519268 - Holdem no limit (100/400/800) - 2017/06/15 09:34:28 UTC
Table: 'Hit&Run Ticket 10€(198394080)#000' 8-max (real money) Seat #3 is the button
Seat 1: TITl (9327)
Seat 2: manggy94 (18694)
Seat 3: YconcombreY (3357)
Seat 4: IzLaSeS (10276)
Seat 5: Breakingbad4 (9327)
Seat 6: FN-2125 (31214)
Seat 7: GREGO062 (18361)
Seat 8: Ravenswood13 (22834)
*** ANTE/BLINDS ***
IzLaSeS posts ante 100
Breakingbad4 posts ante 100
TITl posts ante 100
manggy94 posts ante 100
YconcombreY posts ante 100
FN-2125 posts ante 100
GREGO062 posts ante 100
Ravenswood13 posts ante 100
IzLaSeS posts small blind 400
Breakingbad4 posts big blind 800
Dealt to manggy94 [2c 4d]
*** PRE-FLOP *** 
FN-2125 folds
GREGO062 calls 800
Ravenswood13 folds
TITl folds
manggy94 folds
YconcombreY folds
IzLaSeS folds
Breakingbad4 checks
*** FLOP *** [7h 3h As]
Breakingbad4 checks
GREGO062 bets 2000
Breakingbad4 folds
GREGO062 collected 4800 from pot
*** SUMMARY ***
Total pot 4800 | No rake
Board: [7h 3h As]
Seat 7: GREGO062 won 4800


Winamax Poker - Tournament "Hit&Run Ticket 10€" buyIn: 1.80€ + 0.20€ level: 9 - HandId: #852096085320007681-62-1497519341 - Holdem no limit (100/400/800) - 2017/06/15 09:35:41 UTC
Table: 'Hit&Run Ticket 10€(198394080)#000' 8-max (real money) Seat #4 is the button
Seat 1: TITl (9227)
Seat 2: manggy94 (18594)
Seat 3: YconcombreY (3257)
Seat 4: IzLaSeS (9776)
Seat 5: Breakingbad4 (8427)
Seat 6: FN-2125 (31114)
Seat 7: GREGO062 (20261)
Seat 8: Ravenswood13 (22734)
*** ANTE/BLINDS ***
Breakingbad4 posts ante 100
FN-2125 posts ante 100
TITl posts ante 100
manggy94 posts ante 100
YconcombreY posts ante 100
IzLaSeS posts ante 100
GREGO062 posts ante 100
Ravenswood13 posts ante 100
Breakingbad4 posts small blind 400
FN-2125 posts big blind 800
Dealt to manggy94 [Tc Ad]
*** PRE-FLOP *** 
GREGO062 calls 800
Ravenswood13 folds
TITl folds
manggy94 raises 800 to 1600
YconcombreY folds
IzLaSeS folds
Breakingbad4 folds
FN-2125 folds
GREGO062 calls 800
*** FLOP *** [7c 5h 9c]
GREGO062 checks
manggy94 bets 2600
GREGO062 calls 2600
*** TURN *** [7c 5h 9c][2h]
GREGO062 checks
manggy94 bets 6400
GREGO062 folds
manggy94 collected 16800 from pot
*** SUMMARY ***
Total pot 16800 | No rake
Board: [7c 5h 9c 2h]
Seat 2: manggy94 won 16800


Winamax Poker - Tournament "Hit&Run Ticket 10€" buyIn: 1.80€ + 0.20€ level: 9 - HandId: #852096085320007681-63-1497519412 - Holdem no limit (100/400/800) - 2017/06/15 09:36:52 UTC
Table: 'Hit&Run Ticket 10€(198394080)#000' 8-max (real money) Seat #5 is the button
Seat 1: TITl (9127)
Seat 2: manggy94 (24694)
Seat 3: YconcombreY (3157)
Seat 4: IzLaSeS (9676)
Seat 5: Breakingbad4 (7927)
Seat 6: FN-2125 (30214)
Seat 7: GREGO062 (15961)
*** ANTE/BLINDS ***
FN-2125 posts ante 100
GREGO062 posts ante 100
TITl posts ante 100
manggy94 posts ante 100
YconcombreY posts ante 100
IzLaSeS posts ante 100
Breakingbad4 posts ante 100
FN-2125 posts small blind 400
GREGO062 posts big blind 800
Dealt to manggy94 [Ts Qh]
*** PRE-FLOP *** 
TITl folds
manggy94 calls 800
YconcombreY folds
IzLaSeS folds
Breakingbad4 folds
FN-2125 calls 400
GREGO062 checks
*** FLOP *** [Jc 6d Jd]
FN-2125 bets 1550
GREGO062 calls 1550
manggy94 folds
*** TURN *** [Jc 6d Jd][9c]
FN-2125 checks
GREGO062 checks
*** RIVER *** [Jc 6d Jd 9c][4d]
FN-2125 bets 4650
GREGO062 calls 4650
*** SHOW DOWN ***
GREGO062 shows [6c Qc] (Two pairs : Jacks and 6)
FN-2125 shows [Kd 8d] (Flush King high)
FN-2125 collected 15500 from pot
*** SUMMARY ***
Total pot 15500 | No rake
Board: [Jc 6d Jd 9c 4d]
Seat 6: FN-2125 (small blind) showed [Kd 8d] and won 15500 with Flush King high
Seat 7: GREGO062 (big blind) showed [6c Qc] and lost with Two pairs : Jacks and 6


Winamax Poker - Tournament "Hit&Run Ticket 10€" buyIn: 1.80€ + 0.20€ level: 9 - HandId: #852096085320007681-64-1497519488 - Holdem no limit (100/400/800) - 2017/06/15 09:38:08 UTC
Table: 'Hit&Run Ticket 10€(198394080)#000' 8-max (real money) Seat #6 is the button
Seat 1: TITl (9027)
Seat 2: manggy94 (23794)
Seat 3: YconcombreY (3057)
Seat 4: IzLaSeS (9576)
Seat 5: Breakingbad4 (7827)
Seat 6: FN-2125 (38614)
Seat 7: GREGO062 (8861)
*** ANTE/BLINDS ***
GREGO062 posts ante 100
TITl posts ante 100
manggy94 posts ante 100
YconcombreY posts ante 100
IzLaSeS posts ante 100
Breakingbad4 posts ante 100
FN-2125 posts ante 100
GREGO062 posts small blind 400
TITl posts big blind 800
Dealt to manggy94 [Qs Qh]
*** PRE-FLOP *** 
manggy94 raises 800 to 1600
YconcombreY folds
IzLaSeS folds
Breakingbad4 raises 2400 to 4000
FN-2125 folds
GREGO062 calls 3600
TITl folds
manggy94 raises 19694 to 23694 and is all-in
Breakingbad4 calls 3727 and is all-in
GREGO062 calls 4761 and is all-in
*** FLOP *** [6s 6d 8h]
*** TURN *** [6s 6d 8h][Tc]
*** RIVER *** [6s 6d 8h Tc][2d]
*** SHOW DOWN ***
Breakingbad4 shows [Js Jd] (Two pairs : Jacks and 6)
GREGO062 shows [5d Qc] (One pair : 6)
manggy94 shows [Qs Qh] (Two pairs : Queens and 6)
manggy94 collected 41682 from pot
*** SUMMARY ***
Total pot 41682 | No rake
Board: [6s 6d 8h Tc 2d]
Seat 2: manggy94 showed [Qs Qh] and won 41682 with Two pairs : Queens and 6
Seat 5: Breakingbad4 showed [Js Jd] and lost with Two pairs : Jacks and 6
Seat 7: GREGO062 (small blind) showed [5d Qc] and lost with One pair : 6


Winamax Poker - Tournament "Hit&Run Ticket 10€" buyIn: 1.80€ + 0.20€ level: 10 - HandId: #852096085320007681-65-1497519564 - Holdem no limit (120/500/1000) - 2017/06/15 09:39:24 UTC
Table: 'Hit&Run Ticket 10€(198394080)#000' 8-max (real money) Seat #7 is the button
Seat 1: TITl (8127)
Seat 2: manggy94 (41682)
Seat 3: YconcombreY (2957)
Seat 4: IzLaSeS (9476)
Seat 6: FN-2125 (38514)
Seat 8: BcarreFull59 (9000)
*** ANTE/BLINDS ***
TITl posts ante 120
manggy94 posts ante 120
YconcombreY posts ante 120
IzLaSeS posts ante 120
FN-2125 posts ante 120
TITl posts small blind 500
manggy94 posts big blind 1000
Dealt to manggy94 [3d Kc]
*** PRE-FLOP *** 
YconcombreY folds
IzLaSeS folds
FN-2125 calls 1000
TITl folds
manggy94 checks
*** FLOP *** [Qs 5h Kh]
manggy94 bets 3100
FN-2125 calls 3100
*** TURN *** [Qs 5h Kh][2h]
manggy94 checks
FN-2125 bets 4650
manggy94 calls 4650
*** RIVER *** [Qs 5h Kh 2h][3c]
manggy94 bets 9300
FN-2125 calls 9300
*** SHOW DOWN ***
manggy94 shows [3d Kc] (Two pairs : Kings and 3)
FN-2125 shows [8h 6h] (Flush King high)
FN-2125 collected 37200 from pot
*** SUMMARY ***
Total pot 37200 | No rake
Board: [Qs 5h Kh 2h 3c]
Seat 2: manggy94 (big blind) showed [3d Kc] and lost with Two pairs : Kings and 3
Seat 6: FN-2125 showed [8h 6h] and won 37200 with Flush King high


Winamax Poker - Tournament "Hit&Run Ticket 10€" buyIn: 1.80€ + 0.20€ level: 10 - HandId: #852096085320007681-66-1497519621 - Holdem no limit (120/500/1000) - 2017/06/15 09:40:21 UTC
Table: 'Hit&Run Ticket 10€(198394080)#000' 8-max (real money) Seat #1 is the button
Seat 1: YconcombreY (4907)
Seat 2: TITl (9577)
Seat 3: -Chi1DlacAS- (11249)
Seat 4: IzLaSeS (11425)
Seat 5: winnie200315 (36587)
Seat 6: BcarreFull59 (11069)
Seat 7: lefishdu78 (40605)
Seat 8: manggy94 (25581)
*** ANTE/BLINDS ***
TITl posts ante 120
-Chi1DlacAS- posts ante 120
YconcombreY posts ante 120
IzLaSeS posts ante 120
winnie200315 posts ante 120
BcarreFull59 posts ante 120
lefishdu78 posts ante 120
manggy94 posts ante 120
TITl posts small blind 500
-Chi1DlacAS- posts big blind 1000
Dealt to manggy94 [2s 8d]
*** PRE-FLOP *** 
IzLaSeS raises 10305 to 11305 and is all-in
winnie200315 folds
BcarreFull59 folds
lefishdu78 folds
manggy94 folds
YconcombreY folds
TITl calls 8957 and is all-in
-Chi1DlacAS- folds
*** FLOP *** [Kd 7d Jc]
*** TURN *** [Kd 7d Jc][2h]
*** RIVER *** [Kd 7d Jc 2h][4s]
*** SHOW DOWN ***
TITl shows [Ts Ac] (High card : Ace)
IzLaSeS shows [9h 9s] (One pair : 9)
IzLaSeS collected 22722 from pot
*** SUMMARY ***
Total pot 22722 | No rake
Board: [Kd 7d Jc 2h 4s]
Seat 2: TITl (small blind) showed [Ts Ac] and lost with High card : Ace
Seat 4: IzLaSeS showed [9h 9s] and won 22722 with One pair : 9


Winamax Poker - Tournament "Hit&Run Ticket 10€" buyIn: 1.80€ + 0.20€ level: 10 - HandId: #852096085320007681-67-1497519653 - Holdem no limit (120/500/1000) - 2017/06/15 09:40:53 UTC
Table: 'Hit&Run Ticket 10€(198394080)#000' 8-max (real money) Seat #2 is the button
Seat 1: YconcombreY (4787)
Seat 3: -Chi1DlacAS- (10129)
Seat 4: IzLaSeS (22722)
Seat 5: winnie200315 (36467)
Seat 6: BcarreFull59 (10949)
Seat 7: lefishdu78 (40485)
Seat 8: manggy94 (25461)
*** ANTE/BLINDS ***
-Chi1DlacAS- posts ante 120
IzLaSeS posts ante 120
YconcombreY posts ante 120
winnie200315 posts ante 120
BcarreFull59 posts ante 120
lefishdu78 posts ante 120
manggy94 posts ante 120
-Chi1DlacAS- posts small blind 500
IzLaSeS posts big blind 1000
Dealt to manggy94 [Jc 5c]
*** PRE-FLOP *** 
winnie200315 raises 1000 to 2000
BcarreFull59 folds
lefishdu78 raises 3000 to 5000
manggy94 folds
YconcombreY folds
-Chi1DlacAS- folds
IzLaSeS folds
winnie200315 calls 3000
*** FLOP *** [4d 6d 3h]
winnie200315 checks
lefishdu78 bets 5000
winnie200315 folds
lefishdu78 collected 17340 from pot
*** SUMMARY ***
Total pot 17340 | No rake
Board: [4d 6d 3h]
Seat 7: lefishdu78 won 17340


Winamax Poker - Tournament "Hit&Run Ticket 10€" buyIn: 1.80€ + 0.20€ level: 10 - HandId: #852096085320007681-68-1497519702 - Holdem no limit (120/500/1000) - 2017/06/15 09:41:42 UTC
Table: 'Hit&Run Ticket 10€(198394080)#000' 8-max (real money) Seat #3 is the button
Seat 1: YconcombreY (4667)
Seat 3: -Chi1DlacAS- (9509)
Seat 4: IzLaSeS (21602)
Seat 5: winnie200315 (31347)
Seat 6: BcarreFull59 (10829)
Seat 7: lefishdu78 (47705)
Seat 8: manggy94 (25341)
*** ANTE/BLINDS ***
IzLaSeS posts ante 120
winnie200315 posts ante 120
YconcombreY posts ante 120
-Chi1DlacAS- posts ante 120
BcarreFull59 posts ante 120
lefishdu78 posts ante 120
manggy94 posts ante 120
IzLaSeS posts small blind 500
winnie200315 posts big blind 1000
Dealt to manggy94 [9d Ts]
*** PRE-FLOP *** 
BcarreFull59 folds
lefishdu78 folds
manggy94 folds
YconcombreY folds
-Chi1DlacAS- folds
IzLaSeS raises 20482 to 21482 and is all-in
winnie200315 folds
IzLaSeS collected 23322 from pot
*** SUMMARY ***
Total pot 23322 | No rake
Seat 4: IzLaSeS (small blind) won 23322


Winamax Poker - Tournament "Hit&Run Ticket 10€" buyIn: 1.80€ + 0.20€ level: 10 - HandId: #852096085320007681-69-1497519732 - Holdem no limit (120/500/1000) - 2017/06/15 09:42:12 UTC
Table: 'Hit&Run Ticket 10€(198394080)#000' 8-max (real money) Seat #4 is the button
Seat 1: YconcombreY (4547)
Seat 3: -Chi1DlacAS- (9389)
Seat 4: IzLaSeS (23322)
Seat 5: winnie200315 (30227)
Seat 6: BcarreFull59 (10709)
Seat 7: lefishdu78 (47585)
Seat 8: manggy94 (25221)
*** ANTE/BLINDS ***
winnie200315 posts ante 120
BcarreFull59 posts ante 120
YconcombreY posts ante 120
-Chi1DlacAS- posts ante 120
IzLaSeS posts ante 120
lefishdu78 posts ante 120
manggy94 posts ante 120
winnie200315 posts small blind 500
BcarreFull59 posts big blind 1000
Dealt to manggy94 [Qd Td]
*** PRE-FLOP *** 
lefishdu78 folds
manggy94 calls 1000
YconcombreY folds
-Chi1DlacAS- folds
IzLaSeS folds
winnie200315 calls 500
BcarreFull59 checks
*** FLOP *** [Ac 2c 7d]
winnie200315 checks
BcarreFull59 checks
manggy94 bets 1920
winnie200315 folds
BcarreFull59 folds
manggy94 collected 5760 from pot
*** SUMMARY ***
Total pot 5760 | No rake
Board: [Ac 2c 7d]
Seat 8: manggy94 won 5760


Winamax Poker - Tournament "Hit&Run Ticket 10€" buyIn: 1.80€ + 0.20€ level: 10 - HandId: #852096085320007681-70-1497519779 - Holdem no limit (120/500/1000) - 2017/06/15 09:42:59 UTC
Table: 'Hit&Run Ticket 10€(198394080)#000' 8-max (real money) Seat #5 is the button
Seat 1: YconcombreY (4427)
Seat 3: -Chi1DlacAS- (9269)
Seat 4: IzLaSeS (23202)
Seat 5: winnie200315 (29107)
Seat 6: BcarreFull59 (9589)
Seat 7: lefishdu78 (47465)
Seat 8: manggy94 (27941)
*** ANTE/BLINDS ***
BcarreFull59 posts ante 120
lefishdu78 posts ante 120
YconcombreY posts ante 120
-Chi1DlacAS- posts ante 120
IzLaSeS posts ante 120
winnie200315 posts ante 120
manggy94 posts ante 120
BcarreFull59 posts small blind 500
lefishdu78 posts big blind 1000
Dealt to manggy94 [9s Jc]
*** PRE-FLOP *** 
manggy94 folds
YconcombreY folds
-Chi1DlacAS- folds
IzLaSeS raises 1290 to 2290
winnie200315 calls 2290
BcarreFull59 folds
lefishdu78 folds
*** FLOP *** [3h Kc 2s]
IzLaSeS bets 2976
winnie200315 raises 4726 to 7702
IzLaSeS folds
winnie200315 collected 17598 from pot
*** SUMMARY ***
Total pot 17598 | No rake
Board: [3h Kc 2s]
Seat 5: winnie200315 (button) won 17598


Winamax Poker - Tournament "Hit&Run Ticket 10€" buyIn: 1.80€ + 0.20€ level: 10 - HandId: #852096085320007681-71-1497519827 - Holdem no limit (120/500/1000) - 2017/06/15 09:43:47 UTC
Table: 'Hit&Run Ticket 10€(198394080)#000' 8-max (real money) Seat #6 is the button
Seat 1: YconcombreY (4307)
Seat 3: -Chi1DlacAS- (9149)
Seat 4: IzLaSeS (17816)
Seat 5: winnie200315 (36593)
Seat 6: BcarreFull59 (8969)
Seat 7: lefishdu78 (46345)
Seat 8: manggy94 (27821)
*** ANTE/BLINDS ***
lefishdu78 posts ante 120
manggy94 posts ante 120
YconcombreY posts ante 120
-Chi1DlacAS- posts ante 120
IzLaSeS posts ante 120
winnie200315 posts ante 120
BcarreFull59 posts ante 120
lefishdu78 posts small blind 500
manggy94 posts big blind 1000
Dealt to manggy94 [5s Qd]
*** PRE-FLOP *** 
YconcombreY folds
-Chi1DlacAS- raises 8029 to 9029 and is all-in
IzLaSeS folds
winnie200315 calls 9029
BcarreFull59 folds
lefishdu78 folds
manggy94 folds
*** FLOP *** [Js Th 6s]
*** TURN *** [Js Th 6s][9s]
*** RIVER *** [Js Th 6s 9s][Jd]
*** SHOW DOWN ***
-Chi1DlacAS- shows [2d 2c] (Two pairs : Jacks and 2)
winnie200315 shows [4d 4s] (Two pairs : Jacks and 4)
winnie200315 collected 20398 from pot
*** SUMMARY ***
Total pot 20398 | No rake
Board: [Js Th 6s 9s Jd]
Seat 3: -Chi1DlacAS- showed [2d 2c] and lost with Two pairs : Jacks and 2
Seat 5: winnie200315 showed [4d 4s] and won 20398 with Two pairs : Jacks and 4


Winamax Poker - Tournament "Hit&Run Ticket 10€" buyIn: 1.80€ + 0.20€ level: 10 - HandId: #852096085320007681-72-1497519870 - Holdem no limit (120/500/1000) - 2017/06/15 09:44:30 UTC
Table: 'Hit&Run Ticket 10€(198394080)#000' 8-max (real money) Seat #7 is the button
Seat 1: YconcombreY (4187)
Seat 4: IzLaSeS (17696)
Seat 5: winnie200315 (47842)
Seat 6: BcarreFull59 (8849)
Seat 7: lefishdu78 (45725)
Seat 8: manggy94 (26701)
*** ANTE/BLINDS ***
manggy94 posts ante 120
YconcombreY posts ante 120
IzLaSeS posts ante 120
winnie200315 posts ante 120
BcarreFull59 posts ante 120
lefishdu78 posts ante 120
manggy94 posts small blind 500
YconcombreY posts big blind 1000
Dealt to manggy94 [6h Tc]
*** PRE-FLOP *** 
IzLaSeS raises 1000 to 2000
winnie200315 calls 2000
BcarreFull59 folds
lefishdu78 folds
manggy94 folds
YconcombreY calls 1000
*** FLOP *** [3c 5c 7s]
YconcombreY bets 2067 and is all-in
IzLaSeS folds
winnie200315 calls 2067
*** TURN *** [3c 5c 7s][Jd]
*** RIVER *** [3c 5c 7s Jd][7h]
*** SHOW DOWN ***
YconcombreY shows [4c 4d] (Two pairs : 7 and 4)
winnie200315 shows [Qd Jh] (Two pairs : Jacks and 7)
winnie200315 collected 11354 from pot
*** SUMMARY ***
Total pot 11354 | No rake
Board: [3c 5c 7s Jd 7h]
Seat 1: YconcombreY (big blind) showed [4c 4d] and lost with Two pairs : 7 and 4
Seat 5: winnie200315 showed [Qd Jh] and won 11354 with Two pairs : Jacks and 7


Winamax Poker - Tournament "Hit&Run Ticket 10€" buyIn: 1.80€ + 0.20€ level: 11 - HandId: #852096085320007681-73-1497519918 - Holdem no limit (160/600/1200) - 2017/06/15 09:45:18 UTC
Table: 'Hit&Run Ticket 10€(198394080)#000' 8-max (real money) Seat #8 is the button
Seat 4: IzLaSeS (16828)
Seat 6: BcarreFull59 (9982)
Seat 7: lefishdu78 (46857)
Seat 8: manggy94 (27333)
*** ANTE/BLINDS ***
IzLaSeS posts ante 160
BcarreFull59 posts ante 160
lefishdu78 posts ante 160
manggy94 posts ante 160
IzLaSeS posts big blind 1200
Dealt to manggy94 [4d Ah]
*** PRE-FLOP *** 
BcarreFull59 folds
lefishdu78 calls 1200
manggy94 folds
IzLaSeS checks
*** FLOP *** [8c 5s 9s]
IzLaSeS checks
lefishdu78 bets 2400
IzLaSeS folds
lefishdu78 collected 5440 from pot
*** SUMMARY ***
Total pot 5440 | No rake
Board: [8c 5s 9s]
Seat 7: lefishdu78 won 5440


Winamax Poker - Tournament "Hit&Run Ticket 10€" buyIn: 1.80€ + 0.20€ level: 11 - HandId: #852096085320007681-74-1497519944 - Holdem no limit (160/600/1200) - 2017/06/15 09:45:44 UTC
Table: 'Hit&Run Ticket 10€(198394080)#000' 8-max (real money) Seat #1 is the button
Seat 4: IzLaSeS (15468)
Seat 6: BcarreFull59 (9822)
Seat 7: lefishdu78 (48537)
Seat 8: manggy94 (27173)
*** ANTE/BLINDS ***
IzLaSeS posts ante 160
BcarreFull59 posts ante 160
lefishdu78 posts ante 160
manggy94 posts ante 160
IzLaSeS posts small blind 600
BcarreFull59 posts big blind 1200
Dealt to manggy94 [Jd 2d]
*** PRE-FLOP *** 
lefishdu78 raises 1800 to 3000
manggy94 folds
IzLaSeS folds
BcarreFull59 folds
lefishdu78 collected 5440 from pot
*** SUMMARY ***
Total pot 5440 | No rake
Seat 7: lefishdu78 won 5440


Winamax Poker - Tournament "Hit&Run Ticket 10€" buyIn: 1.80€ + 0.20€ level: 11 - HandId: #852096085320007681-75-1497519965 - Holdem no limit (160/600/1200) - 2017/06/15 09:46:05 UTC
Table: 'Hit&Run Ticket 10€(198394080)#000' 8-max (real money) Seat #4 is the button
Seat 4: IzLaSeS (14980)
Seat 6: BcarreFull59 (8735)
Seat 8: manggy94 (27285)
*** ANTE/BLINDS ***
BcarreFull59 posts ante 160
manggy94 posts ante 160
IzLaSeS posts ante 160
BcarreFull59 posts small blind 600
manggy94 posts big blind 1200
Dealt to manggy94 [8h 3h]
*** PRE-FLOP *** 
IzLaSeS folds
BcarreFull59 folds
manggy94 collected 2280 from pot
*** SUMMARY ***
Total pot 2280 | No rake
Seat 8: manggy94 (big blind) won 2280


Winamax Poker - Tournament "Hit&Run Ticket 10€" buyIn: 1.80€ + 0.20€ level: 11 - HandId: #852096085320007681-76-1497519974 - Holdem no limit (160/600/1200) - 2017/06/15 09:46:14 UTC
Table: 'Hit&Run Ticket 10€(198394080)#000' 8-max (real money) Seat #6 is the button
Seat 4: IzLaSeS (14820)
Seat 6: BcarreFull59 (7975)
Seat 8: manggy94 (28205)
*** ANTE/BLINDS ***
manggy94 posts ante 160
IzLaSeS posts ante 160
BcarreFull59 posts ante 160
manggy94 posts small blind 600
IzLaSeS posts big blind 1200
Dealt to manggy94 [3s Qd]
*** PRE-FLOP *** 
BcarreFull59 raises 2400 to 3600
manggy94 folds
IzLaSeS folds
BcarreFull59 collected 5880 from pot
*** SUMMARY ***
Total pot 5880 | No rake
Seat 6: BcarreFull59 (button) won 5880


Winamax Poker - Tournament "Hit&Run Ticket 10€" buyIn: 1.80€ + 0.20€ level: 11 - HandId: #852096085320007681-77-1497519988 - Holdem no limit (160/600/1200) - 2017/06/15 09:46:28 UTC
Table: 'Hit&Run Ticket 10€(198394080)#000' 8-max (real money) Seat #8 is the button
Seat 4: IzLaSeS (13460)
Seat 6: BcarreFull59 (10095)
Seat 8: manggy94 (27445)
*** ANTE/BLINDS ***
IzLaSeS posts ante 160
BcarreFull59 posts ante 160
manggy94 posts ante 160
IzLaSeS posts small blind 600
BcarreFull59 posts big blind 1200
Dealt to manggy94 [5c Kh]
*** PRE-FLOP *** 
manggy94 raises 1200 to 2400
IzLaSeS folds
BcarreFull59 raises 7535 to 9935 and is all-in
manggy94 calls 7535
*** FLOP *** [Ks 9d Th]
*** TURN *** [Ks 9d Th][Qh]
*** RIVER *** [Ks 9d Th Qh][Ts]
*** SHOW DOWN ***
BcarreFull59 shows [3c 3s] (Two pairs : Tens and 3)
manggy94 shows [5c Kh] (Two pairs : Kings and Tens)
manggy94 collected 20950 from pot
*** SUMMARY ***
Total pot 20950 | No rake
Board: [Ks 9d Th Qh Ts]
Seat 6: BcarreFull59 (big blind) showed [3c 3s] and lost with Two pairs : Tens and 3
Seat 8: manggy94 (button) showed [5c Kh] and won 20950 with Two pairs : Kings and Tens


Winamax Poker - Tournament "Hit&Run Ticket 10€" buyIn: 1.80€ + 0.20€ level: 11 - HandId: #852096085320007681-78-1497520005 - Holdem no limit (160/600/1200) - 2017/06/15 09:46:45 UTC
Table: 'Hit&Run Ticket 10€(198394080)#000' 8-max (real money) Seat #8 is the button
Seat 4: IzLaSeS (12700)
Seat 8: manggy94 (38300)
*** ANTE/BLINDS ***
manggy94 posts ante 160
IzLaSeS posts ante 160
manggy94 posts small blind 600
IzLaSeS posts big blind 1200
Dealt to manggy94 [8h Kh]
*** PRE-FLOP *** 
manggy94 raises 1200 to 2400
IzLaSeS folds
manggy94 collected 3920 from pot
*** SUMMARY ***
Total pot 3920 | No rake
Seat 8: manggy94 (small blind) (button) won 3920


Winamax Poker - Tournament "Hit&Run Ticket 10€" buyIn: 1.80€ + 0.20€ level: 11 - HandId: #852096085320007681-79-1497520012 - Holdem no limit (160/600/1200) - 2017/06/15 09:46:52 UTC
Table: 'Hit&Run Ticket 10€(198394080)#000' 8-max (real money) Seat #4 is the button
Seat 4: IzLaSeS (11340)
Seat 8: manggy94 (39660)
*** ANTE/BLINDS ***
IzLaSeS posts ante 160
manggy94 posts ante 160
IzLaSeS posts small blind 600
manggy94 posts big blind 1200
Dealt to manggy94 [4s Qd]
*** PRE-FLOP *** 
IzLaSeS raises 9980 to 11180 and is all-in
manggy94 folds
IzLaSeS collected 12700 from pot
*** SUMMARY ***
Total pot 12700 | No rake
Seat 4: IzLaSeS (small blind) (button) won 12700


Winamax Poker - Tournament "Hit&Run Ticket 10€" buyIn: 1.80€ + 0.20€ level: 11 - HandId: #852096085320007681-80-1497520017 - Holdem no limit (160/600/1200) - 2017/06/15 09:46:57 UTC
Table: 'Hit&Run Ticket 10€(198394080)#000' 8-max (real money) Seat #8 is the button
Seat 4: IzLaSeS (12700)
Seat 8: manggy94 (38300)
*** ANTE/BLINDS ***
manggy94 posts ante 160
IzLaSeS posts ante 160
manggy94 posts small blind 600
IzLaSeS posts big blind 1200
Dealt to manggy94 [6c Th]
*** PRE-FLOP *** 
manggy94 folds
IzLaSeS collected 2120 from pot
*** SUMMARY ***
Total pot 2120 | No rake
Seat 4: IzLaSeS (big blind) won 2120


Winamax Poker - Tournament "Hit&Run Ticket 10€" buyIn: 1.80€ + 0.20€ level: 11 - HandId: #852096085320007681-81-1497520021 - Holdem no limit (160/600/1200) - 2017/06/15 09:47:01 UTC
Table: 'Hit&Run Ticket 10€(198394080)#000' 8-max (real money) Seat #4 is the button
Seat 4: IzLaSeS (13460)
Seat 8: manggy94 (37540)
*** ANTE/BLINDS ***
IzLaSeS posts ante 160
manggy94 posts ante 160
IzLaSeS posts small blind 600
manggy94 posts big blind 1200
Dealt to manggy94 [Kd 7h]
*** PRE-FLOP *** 
IzLaSeS folds
manggy94 collected 2120 from pot
*** SUMMARY ***
Total pot 2120 | No rake
Seat 8: manggy94 (big blind) won 2120


Winamax Poker - Tournament "Hit&Run Ticket 10€" buyIn: 1.80€ + 0.20€ level: 11 - HandId: #852096085320007681-82-1497520027 - Holdem no limit (160/600/1200) - 2017/06/15 09:47:07 UTC
Table: 'Hit&Run Ticket 10€(198394080)#000' 8-max (real money) Seat #8 is the button
Seat 4: IzLaSeS (12700)
Seat 8: manggy94 (38300)
*** ANTE/BLINDS ***
manggy94 posts ante 160
IzLaSeS posts ante 160
manggy94 posts small blind 600
IzLaSeS posts big blind 1200
Dealt to manggy94 [8c 3s]
*** PRE-FLOP *** 
manggy94 folds
IzLaSeS collected 2120 from pot
*** SUMMARY ***
Total pot 2120 | No rake
Seat 4: IzLaSeS (big blind) won 2120


Winamax Poker - Tournament "Hit&Run Ticket 10€" buyIn: 1.80€ + 0.20€ level: 11 - HandId: #852096085320007681-83-1497520031 - Holdem no limit (160/600/1200) - 2017/06/15 09:47:11 UTC
Table: 'Hit&Run Ticket 10€(198394080)#000' 8-max (real money) Seat #4 is the button
Seat 4: IzLaSeS (13460)
Seat 8: manggy94 (37540)
*** ANTE/BLINDS ***
IzLaSeS posts ante 160
manggy94 posts ante 160
IzLaSeS posts small blind 600
manggy94 posts big blind 1200
Dealt to manggy94 [Ks 4c]
*** PRE-FLOP *** 
IzLaSeS folds
manggy94 collected 2120 from pot
*** SUMMARY ***
Total pot 2120 | No rake
Seat 8: manggy94 (big blind) won 2120


Winamax Poker - Tournament "Hit&Run Ticket 10€" buyIn: 1.80€ + 0.20€ level: 11 - HandId: #852096085320007681-84-1497520035 - Holdem no limit (160/600/1200) - 2017/06/15 09:47:15 UTC
Table: 'Hit&Run Ticket 10€(198394080)#000' 8-max (real money) Seat #8 is the button
Seat 4: IzLaSeS (12700)
Seat 8: manggy94 (38300)
*** ANTE/BLINDS ***
manggy94 posts ante 160
IzLaSeS posts ante 160
manggy94 posts small blind 600
IzLaSeS posts big blind 1200
Dealt to manggy94 [4c 3h]
*** PRE-FLOP *** 
manggy94 raises 1200 to 2400
IzLaSeS folds
manggy94 collected 3920 from pot
*** SUMMARY ***
Total pot 3920 | No rake
Seat 8: manggy94 (small blind) (button) won 3920


Winamax Poker - Tournament "Hit&Run Ticket 10€" buyIn: 1.80€ + 0.20€ level: 11 - HandId: #852096085320007681-85-1497520040 - Holdem no limit (160/600/1200) - 2017/06/15 09:47:20 UTC
Table: 'Hit&Run Ticket 10€(198394080)#000' 8-max (real money) Seat #4 is the button
Seat 4: IzLaSeS (11340)
Seat 8: manggy94 (39660)
*** ANTE/BLINDS ***
IzLaSeS posts ante 160
manggy94 posts ante 160
IzLaSeS posts small blind 600
manggy94 posts big blind 1200
Dealt to manggy94 [6c Ad]
*** PRE-FLOP *** 
IzLaSeS raises 9980 to 11180 and is all-in
manggy94 calls 9980
*** FLOP *** [Jd 5d 8h]
*** TURN *** [Jd 5d 8h][5s]
*** RIVER *** [Jd 5d 8h 5s][Qc]
*** SHOW DOWN ***
IzLaSeS shows [7c 9h] (One pair : 5)
manggy94 shows [6c Ad] (One pair : 5)
manggy94 collected 22680 from pot
*** SUMMARY ***
Total pot 22680 | No rake
Board: [Jd 5d 8h 5s Qc]
Seat 4: IzLaSeS (small blind) (button) showed [7c 9h] and lost with One pair : 5
Seat 8: manggy94 (big blind) showed [6c Ad] and won 22680 with One pair : 5


