Winamax Poker - Tournament "BIG BANG" buyIn: 4.50€ + 0.50€ level: 9 - HandId: #870848853132181562-64-1501705845 - Holdem no limit (100/400/800) - 2017/08/02 20:30:45 UTC
Table: 'BIG BANG(202760299)#057' 6-max (real money) Seat #5 is the button
Seat 1: manggy94 (20000)
Seat 2: -LE BiFF- (42568)
Seat 3: U MaD Br0 (66339)
Seat 4: check-reise7 (11835)
Seat 5: Cyr-hill22 (50605)
Seat 6: Tchooopi (28653)
*** ANTE/BLINDS ***
Tchooopi posts ante 100
manggy94 posts ante 100
-LE BiFF- posts ante 100
U MaD Br0 posts ante 100
check-reise7 posts ante 100
Cyr-hill22 posts ante 100
Tchooopi posts small blind 400
manggy94 posts big blind 800
Dealt to manggy94 [Ad Tc]
*** PRE-FLOP *** 
-LE BiFF- calls 800
U MaD Br0 raises 1200 to 2000
check-reise7 folds
Cyr-hill22 folds
Tchooopi folds
manggy94 calls 1200
-LE BiFF- calls 1200
*** FLOP *** [3s 3d 6c]
manggy94 bets 3500
-LE BiFF- folds
U MaD Br0 calls 3500
*** TURN *** [3s 3d 6c][4d]
manggy94 checks
U MaD Br0 checks
*** RIVER *** [3s 3d 6c 4d][7h]
manggy94 checks
U MaD Br0 checks
*** SHOW DOWN ***
manggy94 shows [Ad Tc] (One pair : 3)
U MaD Br0 shows [Ac Jc] (One pair : 3)
U MaD Br0 collected 14000 from pot
*** SUMMARY ***
Total pot 14000 | No rake
Board: [3s 3d 6c 4d 7h]
Seat 1: manggy94 (big blind) showed [Ad Tc] and lost with One pair : 3
Seat 3: U MaD Br0 showed [Ac Jc] and won 14000 with One pair : 3


Winamax Poker - Tournament "BIG BANG" buyIn: 4.50€ + 0.50€ level: 9 - HandId: #870848853132181562-65-1501705917 - Holdem no limit (100/400/800) - 2017/08/02 20:31:57 UTC
Table: 'BIG BANG(202760299)#057' 6-max (real money) Seat #6 is the button
Seat 1: manggy94 (14400)
Seat 2: -LE BiFF- (40468)
Seat 3: U MaD Br0 (74739)
Seat 4: check-reise7 (11735)
Seat 5: Cyr-hill22 (50505)
Seat 6: Tchooopi (28153)
*** ANTE/BLINDS ***
manggy94 posts ante 100
-LE BiFF- posts ante 100
U MaD Br0 posts ante 100
check-reise7 posts ante 100
Cyr-hill22 posts ante 100
Tchooopi posts ante 100
manggy94 posts small blind 400
-LE BiFF- posts big blind 800
Dealt to manggy94 [Kh Jh]
*** PRE-FLOP *** 
U MaD Br0 folds
check-reise7 folds
Cyr-hill22 folds
Tchooopi folds
manggy94 raises 1600 to 2400
-LE BiFF- folds
manggy94 collected 3800 from pot
*** SUMMARY ***
Total pot 3800 | No rake
Seat 1: manggy94 (small blind) won 3800


Winamax Poker - Tournament "BIG BANG" buyIn: 4.50€ + 0.50€ level: 10 - HandId: #870848853132181562-66-1501705940 - Holdem no limit (120/500/1000) - 2017/08/02 20:32:20 UTC
Table: 'BIG BANG(202760299)#057' 6-max (real money) Seat #1 is the button
Seat 1: manggy94 (15700)
Seat 2: -LE BiFF- (39568)
Seat 3: U MaD Br0 (74639)
Seat 4: check-reise7 (11635)
Seat 5: Cyr-hill22 (50405)
Seat 6: Tchooopi (28053)
*** ANTE/BLINDS ***
-LE BiFF- posts ante 120
U MaD Br0 posts ante 120
manggy94 posts ante 120
check-reise7 posts ante 120
Cyr-hill22 posts ante 120
Tchooopi posts ante 120
-LE BiFF- posts small blind 500
U MaD Br0 posts big blind 1000
Dealt to manggy94 [7h As]
*** PRE-FLOP *** 
check-reise7 raises 10515 to 11515 and is all-in
Cyr-hill22 folds
Tchooopi folds
manggy94 folds
-LE BiFF- folds
U MaD Br0 folds
check-reise7 collected 13735 from pot
*** SUMMARY ***
Total pot 13735 | No rake
Seat 4: check-reise7 won 13735


Winamax Poker - Tournament "BIG BANG" buyIn: 4.50€ + 0.50€ level: 10 - HandId: #870848853132181562-67-1501705969 - Holdem no limit (120/500/1000) - 2017/08/02 20:32:49 UTC
Table: 'BIG BANG(202760299)#057' 6-max (real money) Seat #2 is the button
Seat 1: manggy94 (15580)
Seat 2: -LE BiFF- (38948)
Seat 3: U MaD Br0 (73519)
Seat 4: check-reise7 (13735)
Seat 5: Cyr-hill22 (50285)
Seat 6: Tchooopi (27933)
*** ANTE/BLINDS ***
U MaD Br0 posts ante 120
check-reise7 posts ante 120
manggy94 posts ante 120
-LE BiFF- posts ante 120
Cyr-hill22 posts ante 120
Tchooopi posts ante 120
U MaD Br0 posts small blind 500
check-reise7 posts big blind 1000
Dealt to manggy94 [Td As]
*** PRE-FLOP *** 
Cyr-hill22 folds
Tchooopi folds
manggy94 raises 1000 to 2000
-LE BiFF- folds
U MaD Br0 folds
check-reise7 calls 1000
*** FLOP *** [4h Qs 2c]
check-reise7 checks
manggy94 bets 2610
check-reise7 folds
manggy94 collected 7830 from pot
*** SUMMARY ***
Total pot 7830 | No rake
Board: [4h Qs 2c]
Seat 1: manggy94 won 7830


Winamax Poker - Tournament "BIG BANG" buyIn: 4.50€ + 0.50€ level: 10 - HandId: #870848853132181562-68-1501706008 - Holdem no limit (120/500/1000) - 2017/08/02 20:33:28 UTC
Table: 'BIG BANG(202760299)#057' 6-max (real money) Seat #3 is the button
Seat 1: manggy94 (18680)
Seat 2: -LE BiFF- (38828)
Seat 3: U MaD Br0 (72899)
Seat 4: check-reise7 (11615)
Seat 5: Cyr-hill22 (50165)
Seat 6: Tchooopi (27813)
*** ANTE/BLINDS ***
check-reise7 posts ante 120
Cyr-hill22 posts ante 120
manggy94 posts ante 120
-LE BiFF- posts ante 120
U MaD Br0 posts ante 120
Tchooopi posts ante 120
check-reise7 posts small blind 500
Cyr-hill22 posts big blind 1000
Dealt to manggy94 [7s 6s]
*** PRE-FLOP *** 
Tchooopi raises 1500 to 2500
manggy94 folds
-LE BiFF- calls 2500
U MaD Br0 calls 2500
check-reise7 folds
Cyr-hill22 folds
*** FLOP *** [Jh 3h Ts]
Tchooopi bets 1500
-LE BiFF- calls 1500
U MaD Br0 calls 1500
*** TURN *** [Jh 3h Ts][Js]
Tchooopi checks
-LE BiFF- checks
U MaD Br0 bets 2500
Tchooopi calls 2500
-LE BiFF- calls 2500
*** RIVER *** [Jh 3h Ts Js][8c]
Tchooopi checks
-LE BiFF- checks
U MaD Br0 checks
*** SHOW DOWN ***
-LE BiFF- shows [Qh Ac] (One pair : Jacks)
U MaD Br0 shows [Tc Ah] (Two pairs : Jacks and Tens)
Tchooopi shows [Jc Jd] (Quads of Jacks)
Tchooopi collected 21720 from pot
*** SUMMARY ***
Total pot 21720 | No rake
Board: [Jh 3h Ts Js 8c]
Seat 2: -LE BiFF- showed [Qh Ac] and lost with One pair : Jacks
Seat 3: U MaD Br0 (button) showed [Tc Ah] and lost with Two pairs : Jacks and Tens
Seat 6: Tchooopi showed [Jc Jd] and won 21720 with Quads of Jacks


Winamax Poker - Tournament "BIG BANG" buyIn: 4.50€ + 0.50€ level: 10 - HandId: #870848853132181562-69-1501706076 - Holdem no limit (120/500/1000) - 2017/08/02 20:34:36 UTC
Table: 'BIG BANG(202760299)#057' 6-max (real money) Seat #4 is the button
Seat 1: manggy94 (18560)
Seat 2: -LE BiFF- (32208)
Seat 3: U MaD Br0 (66279)
Seat 4: check-reise7 (10995)
Seat 5: Cyr-hill22 (49045)
Seat 6: Tchooopi (42913)
*** ANTE/BLINDS ***
Cyr-hill22 posts ante 120
Tchooopi posts ante 120
manggy94 posts ante 120
-LE BiFF- posts ante 120
U MaD Br0 posts ante 120
check-reise7 posts ante 120
Cyr-hill22 posts small blind 500
Tchooopi posts big blind 1000
Dealt to manggy94 [Qh Qs]
*** PRE-FLOP *** 
manggy94 raises 1000 to 2000
-LE BiFF- folds
U MaD Br0 folds
check-reise7 folds
Cyr-hill22 folds
Tchooopi raises 40793 to 42793 and is all-in
manggy94 calls 16440 and is all-in
*** FLOP *** [8c 9h 3h]
*** TURN *** [8c 9h 3h][8d]
*** RIVER *** [8c 9h 3h 8d][5d]
*** SHOW DOWN ***
manggy94 shows [Qh Qs] (Two pairs : Queens and 8)
Tchooopi shows [Ad Jd] (One pair : 8)
Tchooopi collected 24353 from side pot 1
manggy94 collected 38100 from main pot
*** SUMMARY ***
Total pot 62453 | No rake
Board: [8c 9h 3h 8d 5d]
Seat 1: manggy94 showed [Qh Qs] and won 38100 with Two pairs : Queens and 8
Seat 6: Tchooopi (big blind) showed [Ad Jd] and won 24353 with One pair : 8


Winamax Poker - Tournament "BIG BANG" buyIn: 4.50€ + 0.50€ level: 10 - HandId: #870848853132181562-70-1501706104 - Holdem no limit (120/500/1000) - 2017/08/02 20:35:04 UTC
Table: 'BIG BANG(202760299)#057' 6-max (real money) Seat #5 is the button
Seat 1: manggy94 (38100)
Seat 2: -LE BiFF- (32088)
Seat 3: U MaD Br0 (66159)
Seat 4: check-reise7 (10875)
Seat 5: Cyr-hill22 (48425)
Seat 6: Tchooopi (24353)
*** ANTE/BLINDS ***
Tchooopi posts ante 120
manggy94 posts ante 120
-LE BiFF- posts ante 120
U MaD Br0 posts ante 120
check-reise7 posts ante 120
Cyr-hill22 posts ante 120
Tchooopi posts small blind 500
manggy94 posts big blind 1000
Dealt to manggy94 [Ah 5d]
*** PRE-FLOP *** 
-LE BiFF- folds
U MaD Br0 folds
check-reise7 folds
Cyr-hill22 folds
Tchooopi folds
manggy94 collected 2220 from pot
*** SUMMARY ***
Total pot 2220 | No rake
Seat 1: manggy94 (big blind) won 2220


Winamax Poker - Tournament "BIG BANG" buyIn: 4.50€ + 0.50€ level: 10 - HandId: #870848853132181562-71-1501706125 - Holdem no limit (120/500/1000) - 2017/08/02 20:35:25 UTC
Table: 'BIG BANG(202760299)#057' 6-max (real money) Seat #6 is the button
Seat 1: manggy94 (39200)
Seat 2: -LE BiFF- (31968)
Seat 3: U MaD Br0 (66039)
Seat 4: check-reise7 (10755)
Seat 5: Cyr-hill22 (48305)
Seat 6: Tchooopi (23733)
*** ANTE/BLINDS ***
manggy94 posts ante 120
-LE BiFF- posts ante 120
U MaD Br0 posts ante 120
check-reise7 posts ante 120
Cyr-hill22 posts ante 120
Tchooopi posts ante 120
manggy94 posts small blind 500
-LE BiFF- posts big blind 1000
Dealt to manggy94 [4s 9h]
*** PRE-FLOP *** 
U MaD Br0 raises 1210 to 2210
check-reise7 raises 8425 to 10635 and is all-in
Cyr-hill22 folds
Tchooopi folds
manggy94 folds
-LE BiFF- folds
U MaD Br0 calls 8425
*** FLOP *** [3h 9s 9d]
*** TURN *** [3h 9s 9d][5s]
*** RIVER *** [3h 9s 9d 5s][8d]
*** SHOW DOWN ***
check-reise7 shows [Qd Ks] (One pair : 9)
U MaD Br0 shows [6s Ad] (One pair : 9)
U MaD Br0 collected 23490 from pot
*** SUMMARY ***
Total pot 23490 | No rake
Board: [3h 9s 9d 5s 8d]
Seat 3: U MaD Br0 showed [6s Ad] and won 23490 with One pair : 9
Seat 4: check-reise7 showed [Qd Ks] and lost with One pair : 9


Winamax Poker - Tournament "BIG BANG" buyIn: 4.50€ + 0.50€ level: 10 - HandId: #870848853132181562-72-1501706157 - Holdem no limit (120/500/1000) - 2017/08/02 20:35:57 UTC
Table: 'BIG BANG(202760299)#057' 6-max (real money) Seat #1 is the button
Seat 1: manggy94 (38580)
Seat 2: -LE BiFF- (30848)
Seat 3: U MaD Br0 (78774)
Seat 5: Cyr-hill22 (48185)
Seat 6: Tchooopi (23613)
*** ANTE/BLINDS ***
-LE BiFF- posts ante 120
U MaD Br0 posts ante 120
manggy94 posts ante 120
Cyr-hill22 posts ante 120
Tchooopi posts ante 120
-LE BiFF- posts small blind 500
U MaD Br0 posts big blind 1000
Dealt to manggy94 [6d 3c]
*** PRE-FLOP *** 
Cyr-hill22 folds
Tchooopi folds
manggy94 folds
-LE BiFF- calls 500
U MaD Br0 checks
*** FLOP *** [6c Jd Ts]
-LE BiFF- bets 1000
U MaD Br0 folds
-LE BiFF- collected 3600 from pot
*** SUMMARY ***
Total pot 3600 | No rake
Board: [6c Jd Ts]
Seat 2: -LE BiFF- (small blind) won 3600


Winamax Poker - Tournament "BIG BANG" buyIn: 4.50€ + 0.50€ level: 10 - HandId: #870848853132181562-73-1501706213 - Holdem no limit (120/500/1000) - 2017/08/02 20:36:53 UTC
Table: 'BIG BANG(202760299)#057' 6-max (real money) Seat #2 is the button
Seat 1: manggy94 (38460)
Seat 2: -LE BiFF- (32328)
Seat 3: U MaD Br0 (77654)
Seat 4: hibouloup (20000)
Seat 5: Cyr-hill22 (48065)
Seat 6: Tchooopi (23493)
*** ANTE/BLINDS ***
U MaD Br0 posts ante 120
hibouloup posts ante 120
manggy94 posts ante 120
-LE BiFF- posts ante 120
Cyr-hill22 posts ante 120
Tchooopi posts ante 120
U MaD Br0 posts small blind 500
hibouloup posts big blind 1000
Dealt to manggy94 [8s Js]
*** PRE-FLOP *** 
Cyr-hill22 raises 1500 to 2500
Tchooopi calls 2500
manggy94 calls 2500
-LE BiFF- folds
U MaD Br0 calls 2000
hibouloup calls 1500
*** FLOP *** [Qd Td As]
U MaD Br0 checks
hibouloup checks
Cyr-hill22 bets 6500
Tchooopi raises 14373 to 20873 and is all-in
manggy94 folds
U MaD Br0 folds
hibouloup folds
Cyr-hill22 calls 14373
*** TURN *** [Qd Td As][9c]
*** RIVER *** [Qd Td As 9c][2s]
*** SHOW DOWN ***
Cyr-hill22 shows [Ah 6h] (One pair : Aces)
Tchooopi shows [Jc Kc] (Straight Ace high)
Tchooopi collected 54966 from pot
*** SUMMARY ***
Total pot 54966 | No rake
Board: [Qd Td As 9c 2s]
Seat 5: Cyr-hill22 showed [Ah 6h] and lost with One pair : Aces
Seat 6: Tchooopi showed [Jc Kc] and won 54966 with Straight Ace high


Winamax Poker - Tournament "BIG BANG" buyIn: 4.50€ + 0.50€ level: 10 - HandId: #870848853132181562-74-1501706299 - Holdem no limit (120/500/1000) - 2017/08/02 20:38:19 UTC
Table: 'BIG BANG(202760299)#057' 6-max (real money) Seat #3 is the button
Seat 1: manggy94 (35840)
Seat 2: -LE BiFF- (32208)
Seat 3: U MaD Br0 (75034)
Seat 4: hibouloup (17380)
Seat 5: Cyr-hill22 (24572)
Seat 6: Tchooopi (54966)
*** ANTE/BLINDS ***
hibouloup posts ante 120
Cyr-hill22 posts ante 120
manggy94 posts ante 120
-LE BiFF- posts ante 120
U MaD Br0 posts ante 120
Tchooopi posts ante 120
hibouloup posts small blind 500
Cyr-hill22 posts big blind 1000
Dealt to manggy94 [7d 2c]
*** PRE-FLOP *** 
Tchooopi folds
manggy94 folds
-LE BiFF- folds
U MaD Br0 raises 1500 to 2500
hibouloup raises 14760 to 17260 and is all-in
Cyr-hill22 folds
U MaD Br0 folds
hibouloup collected 21480 from pot
*** SUMMARY ***
Total pot 21480 | No rake
Seat 4: hibouloup (small blind) won 21480


Winamax Poker - Tournament "BIG BANG" buyIn: 4.50€ + 0.50€ level: 10 - HandId: #870848853132181562-75-1501706336 - Holdem no limit (120/500/1000) - 2017/08/02 20:38:56 UTC
Table: 'BIG BANG(202760299)#057' 6-max (real money) Seat #4 is the button
Seat 1: manggy94 (35720)
Seat 2: -LE BiFF- (32088)
Seat 3: U MaD Br0 (72414)
Seat 4: hibouloup (21480)
Seat 5: Cyr-hill22 (23452)
Seat 6: Tchooopi (54846)
*** ANTE/BLINDS ***
Cyr-hill22 posts ante 120
Tchooopi posts ante 120
manggy94 posts ante 120
-LE BiFF- posts ante 120
U MaD Br0 posts ante 120
hibouloup posts ante 120
Cyr-hill22 posts small blind 500
Tchooopi posts big blind 1000
Dealt to manggy94 [Qs 5d]
*** PRE-FLOP *** 
manggy94 folds
-LE BiFF- folds
U MaD Br0 folds
hibouloup folds
Cyr-hill22 folds
Tchooopi collected 2220 from pot
*** SUMMARY ***
Total pot 2220 | No rake
Seat 6: Tchooopi (big blind) won 2220


Winamax Poker - Tournament "BIG BANG" buyIn: 4.50€ + 0.50€ level: 10 - HandId: #870848853132181562-76-1501706350 - Holdem no limit (120/500/1000) - 2017/08/02 20:39:10 UTC
Table: 'BIG BANG(202760299)#057' 6-max (real money) Seat #5 is the button
Seat 1: manggy94 (35600)
Seat 2: -LE BiFF- (31968)
Seat 3: U MaD Br0 (72294)
Seat 4: hibouloup (21360)
Seat 5: Cyr-hill22 (22832)
Seat 6: Tchooopi (55946)
*** ANTE/BLINDS ***
Tchooopi posts ante 120
manggy94 posts ante 120
-LE BiFF- posts ante 120
U MaD Br0 posts ante 120
hibouloup posts ante 120
Cyr-hill22 posts ante 120
Tchooopi posts small blind 500
manggy94 posts big blind 1000
Dealt to manggy94 [6h 6c]
*** PRE-FLOP *** 
-LE BiFF- calls 1000
U MaD Br0 folds
hibouloup raises 3000 to 4000
Cyr-hill22 folds
Tchooopi folds
manggy94 calls 3000
-LE BiFF- calls 3000
*** FLOP *** [7s 3h Ad]
manggy94 checks
-LE BiFF- checks
hibouloup bets 6610
manggy94 folds
-LE BiFF- folds
hibouloup collected 19830 from pot
*** SUMMARY ***
Total pot 19830 | No rake
Board: [7s 3h Ad]
Seat 4: hibouloup won 19830


Winamax Poker - Tournament "BIG BANG" buyIn: 4.50€ + 0.50€ level: 11 - HandId: #870848853132181562-77-1501706445 - Holdem no limit (160/600/1200) - 2017/08/02 20:40:45 UTC
Table: 'BIG BANG(202760299)#057' 6-max (real money) Seat #6 is the button
Seat 1: manggy94 (31480)
Seat 2: -LE BiFF- (27848)
Seat 3: U MaD Br0 (72174)
Seat 4: hibouloup (30460)
Seat 5: Cyr-hill22 (22712)
Seat 6: Tchooopi (55326)
*** ANTE/BLINDS ***
manggy94 posts ante 160
-LE BiFF- posts ante 160
U MaD Br0 posts ante 160
hibouloup posts ante 160
Cyr-hill22 posts ante 160
Tchooopi posts ante 160
manggy94 posts small blind 600
-LE BiFF- posts big blind 1200
Dealt to manggy94 [7c Qd]
*** PRE-FLOP *** 
U MaD Br0 raises 1200 to 2400
hibouloup folds
Cyr-hill22 folds
Tchooopi folds
manggy94 folds
-LE BiFF- folds
U MaD Br0 collected 5160 from pot
*** SUMMARY ***
Total pot 5160 | No rake
Seat 3: U MaD Br0 won 5160


Winamax Poker - Tournament "BIG BANG" buyIn: 4.50€ + 0.50€ level: 11 - HandId: #870848853132181562-78-1501706493 - Holdem no limit (160/600/1200) - 2017/08/02 20:41:33 UTC
Table: 'BIG BANG(202760299)#057' 6-max (real money) Seat #1 is the button
Seat 1: manggy94 (30720)
Seat 2: -LE BiFF- (26488)
Seat 3: U MaD Br0 (74774)
Seat 4: hibouloup (30300)
Seat 5: Cyr-hill22 (22552)
Seat 6: Tchooopi (55166)
*** ANTE/BLINDS ***
-LE BiFF- posts ante 160
U MaD Br0 posts ante 160
manggy94 posts ante 160
hibouloup posts ante 160
Cyr-hill22 posts ante 160
Tchooopi posts ante 160
-LE BiFF- posts small blind 600
U MaD Br0 posts big blind 1200
Dealt to manggy94 [7h 6h]
*** PRE-FLOP *** 
hibouloup folds
Cyr-hill22 folds
Tchooopi folds
manggy94 calls 1200
-LE BiFF- folds
U MaD Br0 checks
*** FLOP *** [9d Ad 4d]
U MaD Br0 checks
manggy94 checks
*** TURN *** [9d Ad 4d][3h]
U MaD Br0 bets 1200
manggy94 folds
U MaD Br0 collected 5160 from pot
*** SUMMARY ***
Total pot 5160 | No rake
Board: [9d Ad 4d 3h]
Seat 3: U MaD Br0 (big blind) won 5160


Winamax Poker - Tournament "BIG BANG" buyIn: 4.50€ + 0.50€ level: 11 - HandId: #870848853132181562-79-1501706544 - Holdem no limit (160/600/1200) - 2017/08/02 20:42:24 UTC
Table: 'BIG BANG(202760299)#057' 6-max (real money) Seat #2 is the button
Seat 1: manggy94 (29360)
Seat 2: -LE BiFF- (25728)
Seat 3: U MaD Br0 (77374)
Seat 4: hibouloup (30140)
Seat 5: Cyr-hill22 (22392)
Seat 6: Tchooopi (55006)
*** ANTE/BLINDS ***
U MaD Br0 posts ante 160
hibouloup posts ante 160
manggy94 posts ante 160
-LE BiFF- posts ante 160
Cyr-hill22 posts ante 160
Tchooopi posts ante 160
U MaD Br0 posts small blind 600
hibouloup posts big blind 1200
Dealt to manggy94 [6d Jd]
*** PRE-FLOP *** 
Cyr-hill22 folds
Tchooopi folds
manggy94 folds
-LE BiFF- folds
U MaD Br0 calls 600
hibouloup checks
*** FLOP *** [9d 8s 2d]
U MaD Br0 checks
hibouloup checks
*** TURN *** [9d 8s 2d][4h]
U MaD Br0 checks
hibouloup checks
*** RIVER *** [9d 8s 2d 4h][8h]
U MaD Br0 checks
hibouloup checks
*** SHOW DOWN ***
U MaD Br0 shows [3c 5c] (One pair : 8)
hibouloup shows [3s Td] (One pair : 8)
hibouloup collected 3360 from pot
*** SUMMARY ***
Total pot 3360 | No rake
Board: [9d 8s 2d 4h 8h]
Seat 3: U MaD Br0 (small blind) showed [3c 5c] and lost with One pair : 8
Seat 4: hibouloup (big blind) showed [3s Td] and won 3360 with One pair : 8


Winamax Poker - Tournament "BIG BANG" buyIn: 4.50€ + 0.50€ level: 11 - HandId: #870848853132181562-80-1501706622 - Holdem no limit (160/600/1200) - 2017/08/02 20:43:42 UTC
Table: 'BIG BANG(202760299)#057' 6-max (real money) Seat #3 is the button
Seat 1: manggy94 (29200)
Seat 2: -LE BiFF- (25568)
Seat 3: U MaD Br0 (76014)
Seat 4: hibouloup (32140)
Seat 5: Cyr-hill22 (22232)
Seat 6: Tchooopi (54846)
*** ANTE/BLINDS ***
hibouloup posts ante 160
Cyr-hill22 posts ante 160
manggy94 posts ante 160
-LE BiFF- posts ante 160
U MaD Br0 posts ante 160
Tchooopi posts ante 160
hibouloup posts small blind 600
Cyr-hill22 posts big blind 1200
Dealt to manggy94 [Js Ts]
*** PRE-FLOP *** 
Tchooopi folds
manggy94 calls 1200
-LE BiFF- folds
U MaD Br0 folds
hibouloup raises 1200 to 2400
Cyr-hill22 calls 1200
manggy94 calls 1200
*** FLOP *** [5s Th As]
hibouloup bets 4080
Cyr-hill22 raises 15592 to 19672 and is all-in
manggy94 folds
hibouloup calls 15592
*** TURN *** [5s Th As][5d]
*** RIVER *** [5s Th As 5d][Kd]
*** SHOW DOWN ***
Cyr-hill22 shows [6s Qs] (One pair : 5)
hibouloup shows [3h 5h] (Trips of 5)
hibouloup collected 47504 from pot
*** SUMMARY ***
Total pot 47504 | No rake
Board: [5s Th As 5d Kd]
Seat 4: hibouloup (small blind) showed [3h 5h] and won 47504 with Trips of 5
Seat 5: Cyr-hill22 (big blind) showed [6s Qs] and lost with One pair : 5


Winamax Poker - Tournament "BIG BANG" buyIn: 4.50€ + 0.50€ level: 11 - HandId: #870848853132181562-81-1501706682 - Holdem no limit (160/600/1200) - 2017/08/02 20:44:42 UTC
Table: 'BIG BANG(202760299)#057' 6-max (real money) Seat #4 is the button
Seat 1: manggy94 (26640)
Seat 2: -LE BiFF- (25408)
Seat 3: U MaD Br0 (75854)
Seat 4: hibouloup (57412)
Seat 6: Tchooopi (54686)
*** ANTE/BLINDS ***
Tchooopi posts ante 160
manggy94 posts ante 160
-LE BiFF- posts ante 160
U MaD Br0 posts ante 160
hibouloup posts ante 160
Tchooopi posts big blind 1200
Dealt to manggy94 [5s 9c]
*** PRE-FLOP *** 
manggy94 folds
-LE BiFF- raises 24048 to 25248 and is all-in
U MaD Br0 folds
hibouloup folds
Tchooopi folds
-LE BiFF- collected 27248 from pot
*** SUMMARY ***
Total pot 27248 | No rake
Seat 2: -LE BiFF- won 27248


Winamax Poker - Tournament "BIG BANG" buyIn: 4.50€ + 0.50€ level: 11 - HandId: #870848853132181562-82-1501706696 - Holdem no limit (160/600/1200) - 2017/08/02 20:44:56 UTC
Table: 'BIG BANG(202760299)#057' 6-max (real money) Seat #5 is the button
Seat 1: manggy94 (26480)
Seat 2: -LE BiFF- (27248)
Seat 3: U MaD Br0 (75694)
Seat 4: hibouloup (57252)
Seat 5: lepsyleps (19979)
Seat 6: Tchooopi (53326)
*** ANTE/BLINDS ***
Tchooopi posts ante 160
manggy94 posts ante 160
-LE BiFF- posts ante 160
U MaD Br0 posts ante 160
hibouloup posts ante 160
Tchooopi posts small blind 600
manggy94 posts big blind 1200
Dealt to manggy94 [9s As]
*** PRE-FLOP *** 
-LE BiFF- folds
U MaD Br0 folds
hibouloup calls 1200
Tchooopi calls 600
manggy94 raises 1200 to 2400
hibouloup calls 1200
Tchooopi calls 1200
*** FLOP *** [9d 5h 6c]
Tchooopi checks
manggy94 bets 4000
hibouloup folds
Tchooopi folds
manggy94 collected 12000 from pot
*** SUMMARY ***
Total pot 12000 | No rake
Board: [9d 5h 6c]
Seat 1: manggy94 (big blind) won 12000


Winamax Poker - Tournament "BIG BANG" buyIn: 4.50€ + 0.50€ level: 11 - HandId: #870848853132181562-83-1501706754 - Holdem no limit (160/600/1200) - 2017/08/02 20:45:54 UTC
Table: 'BIG BANG(202760299)#057' 6-max (real money) Seat #6 is the button
Seat 1: manggy94 (31920)
Seat 2: -LE BiFF- (27088)
Seat 3: U MaD Br0 (75534)
Seat 4: hibouloup (54692)
Seat 5: lepsyleps (19979)
Seat 6: Tchooopi (50766)
*** ANTE/BLINDS ***
manggy94 posts ante 160
-LE BiFF- posts ante 160
U MaD Br0 posts ante 160
hibouloup posts ante 160
lepsyleps posts ante 160
Tchooopi posts ante 160
manggy94 posts small blind 600
-LE BiFF- posts big blind 1200
Dealt to manggy94 [9c Th]
*** PRE-FLOP *** 
U MaD Br0 folds
hibouloup calls 1200
lepsyleps folds
Tchooopi folds
manggy94 calls 600
-LE BiFF- checks
*** FLOP *** [5s Jc 7c]
manggy94 checks
-LE BiFF- checks
hibouloup bets 2280
manggy94 folds
-LE BiFF- calls 2280
*** TURN *** [5s Jc 7c][Qd]
-LE BiFF- checks
hibouloup checks
*** RIVER *** [5s Jc 7c Qd][3d]
-LE BiFF- bets 9120
hibouloup calls 9120
*** SHOW DOWN ***
hibouloup shows [Jh Ts] (One pair : Jacks)
-LE BiFF- shows [5c Js] (Two pairs : Jacks and 5)
-LE BiFF- collected 27360 from pot
*** SUMMARY ***
Total pot 27360 | No rake
Board: [5s Jc 7c Qd 3d]
Seat 2: -LE BiFF- (big blind) showed [5c Js] and won 27360 with Two pairs : Jacks and 5
Seat 4: hibouloup showed [Jh Ts] and lost with One pair : Jacks


Winamax Poker - Tournament "BIG BANG" buyIn: 4.50€ + 0.50€ level: 11 - HandId: #870848853132181562-84-1501706837 - Holdem no limit (160/600/1200) - 2017/08/02 20:47:17 UTC
Table: 'BIG BANG(202760299)#057' 6-max (real money) Seat #1 is the button
Seat 1: manggy94 (30560)
Seat 2: -LE BiFF- (41688)
Seat 3: U MaD Br0 (75374)
Seat 4: hibouloup (41932)
Seat 5: lepsyleps (19819)
Seat 6: Tchooopi (50606)
*** ANTE/BLINDS ***
-LE BiFF- posts ante 160
U MaD Br0 posts ante 160
manggy94 posts ante 160
hibouloup posts ante 160
lepsyleps posts ante 160
Tchooopi posts ante 160
-LE BiFF- posts small blind 600
U MaD Br0 posts big blind 1200
Dealt to manggy94 [2c Qc]
*** PRE-FLOP *** 
hibouloup folds
lepsyleps raises 18459 to 19659 and is all-in
Tchooopi folds
manggy94 folds
-LE BiFF- folds
U MaD Br0 folds
lepsyleps collected 22419 from pot
*** SUMMARY ***
Total pot 22419 | No rake
Seat 5: lepsyleps won 22419


Winamax Poker - Tournament "BIG BANG" buyIn: 4.50€ + 0.50€ level: 11 - HandId: #870848853132181562-85-1501706858 - Holdem no limit (160/600/1200) - 2017/08/02 20:47:38 UTC
Table: 'BIG BANG(202760299)#057' 6-max (real money) Seat #2 is the button
Seat 1: manggy94 (30400)
Seat 2: -LE BiFF- (40928)
Seat 3: U MaD Br0 (74014)
Seat 4: hibouloup (41772)
Seat 5: lepsyleps (22419)
Seat 6: Tchooopi (50446)
*** ANTE/BLINDS ***
U MaD Br0 posts ante 160
hibouloup posts ante 160
manggy94 posts ante 160
-LE BiFF- posts ante 160
lepsyleps posts ante 160
Tchooopi posts ante 160
U MaD Br0 posts small blind 600
hibouloup posts big blind 1200
Dealt to manggy94 [Tc 2s]
*** PRE-FLOP *** 
lepsyleps raises 21059 to 22259 and is all-in
Tchooopi folds
manggy94 folds
-LE BiFF- folds
U MaD Br0 folds
hibouloup folds
lepsyleps collected 25019 from pot
*** SUMMARY ***
Total pot 25019 | No rake
Seat 5: lepsyleps won 25019


Winamax Poker - Tournament "BIG BANG" buyIn: 4.50€ + 0.50€ level: 11 - HandId: #870848853132181562-86-1501706868 - Holdem no limit (160/600/1200) - 2017/08/02 20:47:48 UTC
Table: 'BIG BANG(202760299)#057' 6-max (real money) Seat #3 is the button
Seat 1: manggy94 (30240)
Seat 2: -LE BiFF- (40768)
Seat 3: U MaD Br0 (73254)
Seat 4: hibouloup (40412)
Seat 5: lepsyleps (25019)
Seat 6: Tchooopi (50286)
*** ANTE/BLINDS ***
hibouloup posts ante 160
lepsyleps posts ante 160
manggy94 posts ante 160
-LE BiFF- posts ante 160
U MaD Br0 posts ante 160
Tchooopi posts ante 160
hibouloup posts small blind 600
lepsyleps posts big blind 1200
Dealt to manggy94 [7s Jh]
*** PRE-FLOP *** 
Tchooopi folds
manggy94 folds
-LE BiFF- folds
U MaD Br0 folds
hibouloup folds
lepsyleps collected 2760 from pot
*** SUMMARY ***
Total pot 2760 | No rake
Seat 5: lepsyleps (big blind) won 2760


Winamax Poker - Tournament "BIG BANG" buyIn: 4.50€ + 0.50€ level: 11 - HandId: #870848853132181562-87-1501706903 - Holdem no limit (160/600/1200) - 2017/08/02 20:48:23 UTC
Table: 'BIG BANG(202760299)#057' 6-max (real money) Seat #4 is the button
Seat 1: manggy94 (30080)
Seat 2: -LE BiFF- (40608)
Seat 3: U MaD Br0 (73094)
Seat 4: hibouloup (39652)
Seat 5: lepsyleps (26419)
Seat 6: Tchooopi (50126)
*** ANTE/BLINDS ***
lepsyleps posts ante 160
Tchooopi posts ante 160
manggy94 posts ante 160
-LE BiFF- posts ante 160
U MaD Br0 posts ante 160
hibouloup posts ante 160
lepsyleps posts small blind 600
Tchooopi posts big blind 1200
Dealt to manggy94 [3h 2c]
*** PRE-FLOP *** 
manggy94 folds
-LE BiFF- folds
U MaD Br0 folds
hibouloup calls 1200
lepsyleps raises 4560 to 5760
Tchooopi folds
hibouloup calls 4560
*** FLOP *** [4s 7d Jc]
lepsyleps bets 6840
hibouloup folds
lepsyleps collected 20520 from pot
*** SUMMARY ***
Total pot 20520 | No rake
Board: [4s 7d Jc]
Seat 5: lepsyleps (small blind) won 20520


Winamax Poker - Tournament "BIG BANG" buyIn: 4.50€ + 0.50€ level: 11 - HandId: #870848853132181562-88-1501706934 - Holdem no limit (160/600/1200) - 2017/08/02 20:48:54 UTC
Table: 'BIG BANG(202760299)#057' 6-max (real money) Seat #5 is the button
Seat 1: manggy94 (29920)
Seat 2: -LE BiFF- (40448)
Seat 3: U MaD Br0 (72934)
Seat 4: hibouloup (33732)
Seat 5: lepsyleps (34179)
Seat 6: Tchooopi (48766)
*** ANTE/BLINDS ***
Tchooopi posts ante 160
manggy94 posts ante 160
-LE BiFF- posts ante 160
U MaD Br0 posts ante 160
hibouloup posts ante 160
lepsyleps posts ante 160
Tchooopi posts small blind 600
manggy94 posts big blind 1200
Dealt to manggy94 [As 4c]
*** PRE-FLOP *** 
-LE BiFF- folds
U MaD Br0 raises 1452 to 2652
hibouloup calls 2652
lepsyleps calls 2652
Tchooopi folds
manggy94 folds
*** FLOP *** [Ts Kd 9d]
U MaD Br0 checks
hibouloup checks
lepsyleps bets 10716
U MaD Br0 folds
hibouloup folds
lepsyleps collected 21432 from pot
*** SUMMARY ***
Total pot 21432 | No rake
Board: [Ts Kd 9d]
Seat 5: lepsyleps (button) won 21432


Winamax Poker - Tournament "BIG BANG" buyIn: 4.50€ + 0.50€ level: 11 - HandId: #870848853132181562-89-1501706962 - Holdem no limit (160/600/1200) - 2017/08/02 20:49:22 UTC
Table: 'BIG BANG(202760299)#057' 6-max (real money) Seat #6 is the button
Seat 1: manggy94 (28560)
Seat 2: -LE BiFF- (40288)
Seat 3: U MaD Br0 (70122)
Seat 4: hibouloup (30920)
Seat 5: lepsyleps (42083)
Seat 6: Tchooopi (48006)
*** ANTE/BLINDS ***
manggy94 posts ante 160
-LE BiFF- posts ante 160
U MaD Br0 posts ante 160
hibouloup posts ante 160
lepsyleps posts ante 160
Tchooopi posts ante 160
manggy94 posts small blind 600
-LE BiFF- posts big blind 1200
Dealt to manggy94 [4s 8s]
*** PRE-FLOP *** 
U MaD Br0 folds
hibouloup folds
lepsyleps folds
Tchooopi folds
manggy94 raises 2400 to 3600
-LE BiFF- calls 2400
*** FLOP *** [2h 7h 9d]
manggy94 checks
-LE BiFF- bets 5440
manggy94 folds
-LE BiFF- collected 13600 from pot
*** SUMMARY ***
Total pot 13600 | No rake
Board: [2h 7h 9d]
Seat 2: -LE BiFF- (big blind) won 13600


Winamax Poker - Tournament "BIG BANG" buyIn: 4.50€ + 0.50€ level: 12 - HandId: #870848853132181562-90-1501707008 - Holdem no limit (200/800/1600) - 2017/08/02 20:50:08 UTC
Table: 'BIG BANG(202760299)#057' 6-max (real money) Seat #1 is the button
Seat 1: manggy94 (24800)
Seat 2: -LE BiFF- (44688)
Seat 3: U MaD Br0 (69962)
Seat 4: hibouloup (30760)
Seat 5: lepsyleps (41923)
Seat 6: Tchooopi (47846)
*** ANTE/BLINDS ***
-LE BiFF- posts ante 200
U MaD Br0 posts ante 200
manggy94 posts ante 200
hibouloup posts ante 200
lepsyleps posts ante 200
Tchooopi posts ante 200
-LE BiFF- posts small blind 800
U MaD Br0 posts big blind 1600
Dealt to manggy94 [7d 5d]
*** PRE-FLOP *** 
hibouloup raises 2400 to 4000
lepsyleps folds
Tchooopi calls 4000
manggy94 folds
-LE BiFF- folds
U MaD Br0 calls 2400
*** FLOP *** [3c Th 3d]
U MaD Br0 checks
hibouloup checks
Tchooopi bets 4150
U MaD Br0 folds
hibouloup raises 22410 to 26560 and is all-in
Tchooopi raises 17086 to 43646 and is all-in
*** TURN *** [3c Th 3d][6s]
*** RIVER *** [3c Th 3d 6s][Ts]
*** SHOW DOWN ***
hibouloup shows [4c Kc] (Two pairs : Tens and 3)
Tchooopi shows [As Ac] (Two pairs : Aces and Tens)
Tchooopi collected 84206 from pot
*** SUMMARY ***
Total pot 84206 | No rake
Board: [3c Th 3d 6s Ts]
Seat 4: hibouloup showed [4c Kc] and lost with Two pairs : Tens and 3
Seat 6: Tchooopi showed [As Ac] and won 84206 with Two pairs : Aces and Tens


Winamax Poker - Tournament "BIG BANG" buyIn: 4.50€ + 0.50€ level: 12 - HandId: #870848853132181562-91-1501707067 - Holdem no limit (200/800/1600) - 2017/08/02 20:51:07 UTC
Table: 'BIG BANG(202760299)#057' 6-max (real money) Seat #2 is the button
Seat 1: manggy94 (24600)
Seat 2: -LE BiFF- (43688)
Seat 3: U MaD Br0 (65762)
Seat 5: lepsyleps (41723)
Seat 6: Tchooopi (84206)
*** ANTE/BLINDS ***
U MaD Br0 posts ante 200
lepsyleps posts ante 200
manggy94 posts ante 200
-LE BiFF- posts ante 200
Tchooopi posts ante 200
U MaD Br0 posts small blind 800
lepsyleps posts big blind 1600
Dealt to manggy94 [8h 8c]
*** PRE-FLOP *** 
Tchooopi calls 1600
manggy94 calls 1600
-LE BiFF- folds
U MaD Br0 calls 800
lepsyleps checks
*** FLOP *** [Qd 3c 8s]
U MaD Br0 checks
lepsyleps checks
Tchooopi checks
manggy94 checks
*** TURN *** [Qd 3c 8s][Jd]
U MaD Br0 checks
lepsyleps checks
Tchooopi checks
manggy94 bets 5550
U MaD Br0 folds
lepsyleps folds
Tchooopi folds
manggy94 collected 12950 from pot
*** SUMMARY ***
Total pot 12950 | No rake
Board: [Qd 3c 8s Jd]
Seat 1: manggy94 won 12950


Winamax Poker - Tournament "BIG BANG" buyIn: 4.50€ + 0.50€ level: 12 - HandId: #870848853132181562-92-1501707134 - Holdem no limit (200/800/1600) - 2017/08/02 20:52:14 UTC
Table: 'BIG BANG(202760299)#057' 6-max (real money) Seat #3 is the button
Seat 1: manggy94 (30200)
Seat 2: -LE BiFF- (43488)
Seat 3: U MaD Br0 (63962)
Seat 4: titoune42 (43040)
Seat 5: lepsyleps (39923)
Seat 6: Tchooopi (82406)
*** ANTE/BLINDS ***
lepsyleps posts ante 200
Tchooopi posts ante 200
manggy94 posts ante 200
-LE BiFF- posts ante 200
U MaD Br0 posts ante 200
lepsyleps posts small blind 800
Tchooopi posts big blind 1600
Dealt to manggy94 [6s Qs]
*** PRE-FLOP *** 
manggy94 folds
-LE BiFF- calls 1600
U MaD Br0 folds
lepsyleps calls 800
Tchooopi checks
*** FLOP *** [2h 3d Th]
lepsyleps bets 5800
Tchooopi folds
-LE BiFF- calls 5800
*** TURN *** [2h 3d Th][Td]
lepsyleps bets 8700
-LE BiFF- calls 8700
*** RIVER *** [2h 3d Th Td][3s]
lepsyleps bets 23623 and is all-in
-LE BiFF- calls 23623
*** SHOW DOWN ***
-LE BiFF- shows [2d 2c] (Full of 2 and Tens)
lepsyleps shows [As 3c] (Full of 3 and Tens)
lepsyleps collected 82046 from pot
*** SUMMARY ***
Total pot 82046 | No rake
Board: [2h 3d Th Td 3s]
Seat 2: -LE BiFF- showed [2d 2c] and lost with Full of 2 and Tens
Seat 5: lepsyleps (small blind) showed [As 3c] and won 82046 with Full of 3 and Tens


Winamax Poker - Tournament "BIG BANG" buyIn: 4.50€ + 0.50€ level: 12 - HandId: #870848853132181562-93-1501707220 - Holdem no limit (200/800/1600) - 2017/08/02 20:53:40 UTC
Table: 'BIG BANG(202760299)#057' 6-max (real money) Seat #5 is the button
Seat 1: manggy94 (30000)
Seat 2: -LE BiFF- (3565)
Seat 3: U MaD Br0 (63762)
Seat 4: titoune42 (43040)
Seat 5: lepsyleps (82046)
Seat 6: Tchooopi (80606)
*** ANTE/BLINDS ***
Tchooopi posts ante 200
manggy94 posts ante 200
-LE BiFF- posts ante 200
U MaD Br0 posts ante 200
titoune42 posts ante 200
lepsyleps posts ante 200
Tchooopi posts small blind 800
manggy94 posts big blind 1600
Dealt to manggy94 [8d Ad]
*** PRE-FLOP *** 
-LE BiFF- raises 1765 to 3365 and is all-in
U MaD Br0 calls 3365
titoune42 folds
lepsyleps folds
Tchooopi folds
manggy94 calls 1765
*** FLOP *** [6d 9c 3c]
manggy94 checks
U MaD Br0 checks
*** TURN *** [6d 9c 3c][3d]
manggy94 checks
U MaD Br0 checks
*** RIVER *** [6d 9c 3c 3d][7s]
manggy94 checks
U MaD Br0 checks
*** SHOW DOWN ***
manggy94 shows [8d Ad] (One pair : 3)
U MaD Br0 shows [Ts Kh] (One pair : 3)
-LE BiFF- shows [Td Ac] (One pair : 3)
-LE BiFF- collected 12095 from pot
*** SUMMARY ***
Total pot 12095 | No rake
Board: [6d 9c 3c 3d 7s]
Seat 1: manggy94 (big blind) showed [8d Ad] and lost with One pair : 3
Seat 2: -LE BiFF- showed [Td Ac] and won 12095 with One pair : 3
Seat 3: U MaD Br0 showed [Ts Kh] and lost with One pair : 3


Winamax Poker - Tournament "BIG BANG" buyIn: 4.50€ + 0.50€ level: 12 - HandId: #870848853132181562-94-1501707276 - Holdem no limit (200/800/1600) - 2017/08/02 20:54:36 UTC
Table: 'BIG BANG(202760299)#057' 6-max (real money) Seat #6 is the button
Seat 1: manggy94 (26435)
Seat 2: -LE BiFF- (12095)
Seat 3: U MaD Br0 (60197)
Seat 4: titoune42 (42840)
Seat 5: lepsyleps (81846)
Seat 6: Tchooopi (79606)
*** ANTE/BLINDS ***
manggy94 posts ante 200
-LE BiFF- posts ante 200
U MaD Br0 posts ante 200
titoune42 posts ante 200
lepsyleps posts ante 200
Tchooopi posts ante 200
manggy94 posts small blind 800
-LE BiFF- posts big blind 1600
Dealt to manggy94 [5s Ad]
*** PRE-FLOP *** 
U MaD Br0 raises 1936 to 3536
titoune42 folds
lepsyleps calls 3536
Tchooopi folds
manggy94 folds
-LE BiFF- folds
*** FLOP *** [6s 8d 9s]
U MaD Br0 bets 5600
lepsyleps calls 5600
*** TURN *** [6s 8d 9s][Qs]
U MaD Br0 checks
lepsyleps bets 21872
U MaD Br0 calls 21872
*** RIVER *** [6s 8d 9s Qs][Ks]
U MaD Br0 checks
lepsyleps bets 32808
U MaD Br0 calls 28989 and is all-in
*** SHOW DOWN ***
U MaD Br0 shows [9d As] (Flush Ace high)
lepsyleps shows [Ts Js] (Straight flush King)
lepsyleps collected 127413 from pot
*** SUMMARY ***
Total pot 127413 | No rake
Board: [6s 8d 9s Qs Ks]
Seat 3: U MaD Br0 showed [9d As] and lost with Flush Ace high
Seat 5: lepsyleps showed [Ts Js] and won 127413 with Straight flush King


Winamax Poker - Tournament "BIG BANG" buyIn: 4.50€ + 0.50€ level: 12 - HandId: #870848853132181562-95-1501707602 - Holdem no limit (200/800/1600) - 2017/08/02 21:00:02 UTC
Table: 'BIG BANG(202760299)#057' 6-max (real money) Seat #1 is the button
Seat 1: manggy94 (25435)
Seat 2: -LE BiFF- (10295)
Seat 3: bangeurman (69760)
Seat 4: titoune42 (42640)
Seat 5: lepsyleps (145243)
Seat 6: Tchooopi (79406)
*** ANTE/BLINDS ***
-LE BiFF- posts ante 200
bangeurman posts ante 200
manggy94 posts ante 200
titoune42 posts ante 200
lepsyleps posts ante 200
Tchooopi posts ante 200
-LE BiFF- posts small blind 800
bangeurman posts big blind 1600
Dealt to manggy94 [Tc Kc]
*** PRE-FLOP *** 
titoune42 calls 1600
lepsyleps folds
Tchooopi raises 2500 to 4100
manggy94 calls 4100
-LE BiFF- folds
bangeurman folds
titoune42 calls 2500
*** FLOP *** [9d Kd 6c]
titoune42 bets 1600
Tchooopi calls 1600
manggy94 raises 9550 to 11150
titoune42 folds
Tchooopi folds
manggy94 collected 30250 from pot
*** SUMMARY ***
Total pot 30250 | No rake
Board: [9d Kd 6c]
Seat 1: manggy94 (button) won 30250


Winamax Poker - Tournament "BIG BANG" buyIn: 4.50€ + 0.50€ level: 12 - HandId: #870848853132181562-96-1501707682 - Holdem no limit (200/800/1600) - 2017/08/02 21:01:22 UTC
Table: 'BIG BANG(202760299)#057' 6-max (real money) Seat #2 is the button
Seat 1: manggy94 (40235)
Seat 2: -LE BiFF- (9295)
Seat 3: bangeurman (67960)
Seat 4: titoune42 (36740)
Seat 5: lepsyleps (145043)
Seat 6: Tchooopi (73506)
*** ANTE/BLINDS ***
bangeurman posts ante 200
titoune42 posts ante 200
manggy94 posts ante 200
-LE BiFF- posts ante 200
lepsyleps posts ante 200
Tchooopi posts ante 200
bangeurman posts small blind 800
titoune42 posts big blind 1600
Dealt to manggy94 [Tc 5c]
*** PRE-FLOP *** 
lepsyleps folds
Tchooopi folds
manggy94 folds
-LE BiFF- folds
bangeurman calls 800
titoune42 checks
*** FLOP *** [Qc 6h 4d]
bangeurman bets 1600
titoune42 calls 1600
*** TURN *** [Qc 6h 4d][8s]
bangeurman checks
titoune42 bets 1600
bangeurman folds
titoune42 collected 9200 from pot
*** SUMMARY ***
Total pot 9200 | No rake
Board: [Qc 6h 4d 8s]
Seat 4: titoune42 (big blind) won 9200


Winamax Poker - Tournament "BIG BANG" buyIn: 4.50€ + 0.50€ level: 12 - HandId: #870848853132181562-97-1501707734 - Holdem no limit (200/800/1600) - 2017/08/02 21:02:14 UTC
Table: 'BIG BANG(202760299)#057' 6-max (real money) Seat #3 is the button
Seat 1: manggy94 (40035)
Seat 2: -LE BiFF- (9095)
Seat 3: bangeurman (64560)
Seat 4: titoune42 (40940)
Seat 5: lepsyleps (144843)
Seat 6: Tchooopi (73306)
*** ANTE/BLINDS ***
titoune42 posts ante 200
lepsyleps posts ante 200
manggy94 posts ante 200
-LE BiFF- posts ante 200
bangeurman posts ante 200
Tchooopi posts ante 200
titoune42 posts small blind 800
lepsyleps posts big blind 1600
Dealt to manggy94 [2c 4c]
*** PRE-FLOP *** 
Tchooopi folds
manggy94 folds
-LE BiFF- folds
bangeurman calls 1600
titoune42 calls 800
lepsyleps checks
*** FLOP *** [9c 6s 8s]
titoune42 checks
lepsyleps bets 3000
bangeurman calls 3000
titoune42 folds
*** TURN *** [9c 6s 8s][Kd]
lepsyleps bets 6000
bangeurman folds
lepsyleps collected 18000 from pot
*** SUMMARY ***
Total pot 18000 | No rake
Board: [9c 6s 8s Kd]
Seat 5: lepsyleps (big blind) won 18000


Winamax Poker - Tournament "BIG BANG" buyIn: 4.50€ + 0.50€ level: 12 - HandId: #870848853132181521-120-1501707812 - Holdem no limit (200/800/1600) - 2017/08/02 21:03:32 UTC
Table: 'BIG BANG(202760299)#016' 6-max (real money) Seat #6 is the button
Seat 1: tofffee (72160)
Seat 2: Jules190 (126066)
Seat 3: aterfast_g (74360)
Seat 4: Baby Driver (151797)
Seat 5: manggy94 (39835)
Seat 6: Polack.K88 (121682)
*** ANTE/BLINDS ***
tofffee posts ante 200
Jules190 posts ante 200
aterfast_g posts ante 200
Baby Driver posts ante 200
manggy94 posts ante 200
Polack.K88 posts ante 200
tofffee posts small blind 800
Jules190 posts big blind 1600
Dealt to manggy94 [Jc Qc]
*** PRE-FLOP *** 
aterfast_g folds
Baby Driver folds
manggy94 raises 1600 to 3200
Polack.K88 calls 3200
tofffee folds
Jules190 calls 1600
*** FLOP *** [Th 3c Kh]
Jules190 bets 8700
manggy94 folds
Polack.K88 folds
Jules190 collected 20300 from pot
*** SUMMARY ***
Total pot 20300 | No rake
Board: [Th 3c Kh]
Seat 2: Jules190 (big blind) won 20300


Winamax Poker - Tournament "BIG BANG" buyIn: 4.50€ + 0.50€ level: 12 - HandId: #870848853132181521-121-1501707882 - Holdem no limit (200/800/1600) - 2017/08/02 21:04:42 UTC
Table: 'BIG BANG(202760299)#016' 6-max (real money) Seat #1 is the button
Seat 1: tofffee (71160)
Seat 2: Jules190 (134266)
Seat 3: aterfast_g (74160)
Seat 4: Baby Driver (151597)
Seat 5: manggy94 (36435)
Seat 6: Polack.K88 (118282)
*** ANTE/BLINDS ***
Jules190 posts ante 200
aterfast_g posts ante 200
tofffee posts ante 200
Baby Driver posts ante 200
manggy94 posts ante 200
Polack.K88 posts ante 200
Jules190 posts small blind 800
aterfast_g posts big blind 1600
Dealt to manggy94 [4s 7c]
*** PRE-FLOP *** 
Baby Driver folds
manggy94 folds
Polack.K88 folds
tofffee folds
Jules190 raises 1600 to 3200
aterfast_g calls 1600
*** FLOP *** [6h 9c Kd]
Jules190 checks
aterfast_g bets 5067
Jules190 folds
aterfast_g collected 12667 from pot
*** SUMMARY ***
Total pot 12667 | No rake
Board: [6h 9c Kd]
Seat 3: aterfast_g (big blind) won 12667


Winamax Poker - Tournament "BIG BANG" buyIn: 4.50€ + 0.50€ level: 13 - HandId: #870848853132181521-122-1501707919 - Holdem no limit (250/1000/2000) - 2017/08/02 21:05:19 UTC
Table: 'BIG BANG(202760299)#016' 6-max (real money) Seat #2 is the button
Seat 1: tofffee (70960)
Seat 2: Jules190 (130866)
Seat 3: aterfast_g (78360)
Seat 4: Baby Driver (151397)
Seat 5: manggy94 (36235)
Seat 6: Polack.K88 (118082)
*** ANTE/BLINDS ***
aterfast_g posts ante 250
Baby Driver posts ante 250
tofffee posts ante 250
Jules190 posts ante 250
manggy94 posts ante 250
Polack.K88 posts ante 250
aterfast_g posts small blind 1000
Baby Driver posts big blind 2000
Dealt to manggy94 [2s 5c]
*** PRE-FLOP *** 
manggy94 folds
Polack.K88 folds
tofffee folds
Jules190 folds
aterfast_g raises 3000 to 5000
Baby Driver raises 9050 to 14050
aterfast_g folds
Baby Driver collected 20550 from pot
*** SUMMARY ***
Total pot 20550 | No rake
Seat 4: Baby Driver (big blind) won 20550


Winamax Poker - Tournament "BIG BANG" buyIn: 4.50€ + 0.50€ level: 13 - HandId: #870848853132181521-123-1501707947 - Holdem no limit (250/1000/2000) - 2017/08/02 21:05:47 UTC
Table: 'BIG BANG(202760299)#016' 6-max (real money) Seat #3 is the button
Seat 1: tofffee (70710)
Seat 2: Jules190 (130616)
Seat 3: aterfast_g (73110)
Seat 4: Baby Driver (157647)
Seat 5: manggy94 (35985)
Seat 6: Polack.K88 (117832)
*** ANTE/BLINDS ***
Baby Driver posts ante 250
manggy94 posts ante 250
tofffee posts ante 250
Jules190 posts ante 250
aterfast_g posts ante 250
Polack.K88 posts ante 250
Baby Driver posts small blind 1000
manggy94 posts big blind 2000
Dealt to manggy94 [Ks Kh]
*** PRE-FLOP *** 
Polack.K88 calls 2000
tofffee folds
Jules190 folds
aterfast_g folds
Baby Driver calls 1000
manggy94 raises 6000 to 8000
Polack.K88 calls 6000
Baby Driver folds
*** FLOP *** [4h Qs 5h]
manggy94 bets 19500
Polack.K88 calls 19500
*** TURN *** [4h Qs 5h][Kc]
manggy94 checks
Polack.K88 checks
*** RIVER *** [4h Qs 5h Kc][8h]
manggy94 bets 8235 and is all-in
Polack.K88 folds
manggy94 collected 66735 from pot
*** SUMMARY ***
Total pot 66735 | No rake
Board: [4h Qs 5h Kc 8h]
Seat 5: manggy94 (big blind) won 66735


Winamax Poker - Tournament "BIG BANG" buyIn: 4.50€ + 0.50€ level: 13 - HandId: #870848853132181521-124-1501708041 - Holdem no limit (250/1000/2000) - 2017/08/02 21:07:21 UTC
Table: 'BIG BANG(202760299)#016' 6-max (real money) Seat #4 is the button
Seat 1: tofffee (70460)
Seat 2: Jules190 (130366)
Seat 3: aterfast_g (72860)
Seat 4: Baby Driver (155397)
Seat 5: manggy94 (66735)
Seat 6: Polack.K88 (90082)
*** ANTE/BLINDS ***
manggy94 posts ante 250
Polack.K88 posts ante 250
tofffee posts ante 250
Jules190 posts ante 250
aterfast_g posts ante 250
Baby Driver posts ante 250
manggy94 posts small blind 1000
Polack.K88 posts big blind 2000
Dealt to manggy94 [Ac Jh]
*** PRE-FLOP *** 
tofffee folds
Jules190 calls 2000
aterfast_g folds
Baby Driver folds
manggy94 calls 1000
Polack.K88 checks
*** FLOP *** [As 2h 8c]
manggy94 bets 3750
Polack.K88 folds
Jules190 folds
manggy94 collected 11250 from pot
*** SUMMARY ***
Total pot 11250 | No rake
Board: [As 2h 8c]
Seat 5: manggy94 (small blind) won 11250


Winamax Poker - Tournament "BIG BANG" buyIn: 4.50€ + 0.50€ level: 13 - HandId: #870848853132181521-125-1501708099 - Holdem no limit (250/1000/2000) - 2017/08/02 21:08:19 UTC
Table: 'BIG BANG(202760299)#016' 6-max (real money) Seat #5 is the button
Seat 1: tofffee (70210)
Seat 2: Jules190 (128116)
Seat 3: aterfast_g (72610)
Seat 4: Baby Driver (155147)
Seat 5: manggy94 (71985)
Seat 6: Polack.K88 (87832)
*** ANTE/BLINDS ***
Polack.K88 posts ante 250
tofffee posts ante 250
Jules190 posts ante 250
aterfast_g posts ante 250
Baby Driver posts ante 250
manggy94 posts ante 250
Polack.K88 posts small blind 1000
tofffee posts big blind 2000
Dealt to manggy94 [Kh 3c]
*** PRE-FLOP *** 
Jules190 raises 2000 to 4000
aterfast_g folds
Baby Driver folds
manggy94 folds
Polack.K88 calls 3000
tofffee folds
*** FLOP *** [Jh 2d 2s]
Polack.K88 checks
Jules190 bets 8625
Polack.K88 calls 8625
*** TURN *** [Jh 2d 2s][Td]
Polack.K88 checks
Jules190 checks
*** RIVER *** [Jh 2d 2s Td][3h]
Polack.K88 checks
Jules190 checks
*** SHOW DOWN ***
Polack.K88 shows [Qs Ks] (One pair : 2)
Jules190 shows [4h 4c] (Two pairs : 4 and 2)
Jules190 collected 28750 from pot
*** SUMMARY ***
Total pot 28750 | No rake
Board: [Jh 2d 2s Td 3h]
Seat 2: Jules190 showed [4h 4c] and won 28750 with Two pairs : 4 and 2
Seat 6: Polack.K88 (small blind) showed [Qs Ks] and lost with One pair : 2


Winamax Poker - Tournament "BIG BANG" buyIn: 4.50€ + 0.50€ level: 13 - HandId: #870848853132181521-126-1501708160 - Holdem no limit (250/1000/2000) - 2017/08/02 21:09:20 UTC
Table: 'BIG BANG(202760299)#016' 6-max (real money) Seat #6 is the button
Seat 1: tofffee (67960)
Seat 2: Jules190 (143991)
Seat 3: aterfast_g (72360)
Seat 4: Baby Driver (154897)
Seat 5: manggy94 (71735)
Seat 6: Polack.K88 (74957)
*** ANTE/BLINDS ***
tofffee posts ante 250
Jules190 posts ante 250
aterfast_g posts ante 250
Baby Driver posts ante 250
manggy94 posts ante 250
Polack.K88 posts ante 250
tofffee posts small blind 1000
Jules190 posts big blind 2000
Dealt to manggy94 [7h 8s]
*** PRE-FLOP *** 
aterfast_g folds
Baby Driver folds
manggy94 folds
Polack.K88 calls 2000
tofffee calls 1000
Jules190 checks
*** FLOP *** [Tc 8c 9h]
tofffee checks
Jules190 checks
Polack.K88 bets 4000
tofffee folds
Jules190 calls 4000
*** TURN *** [Tc 8c 9h][4s]
Jules190 checks
Polack.K88 bets 6000
Jules190 calls 6000
*** RIVER *** [Tc 8c 9h 4s][6d]
Jules190 checks
Polack.K88 checks
*** SHOW DOWN ***
Jules190 shows [9s 3c] (One pair : 9)
Polack.K88 shows [9c Ks] (One pair : 9)
Polack.K88 collected 27500 from pot
*** SUMMARY ***
Total pot 27500 | No rake
Board: [Tc 8c 9h 4s 6d]
Seat 2: Jules190 (big blind) showed [9s 3c] and lost with One pair : 9
Seat 6: Polack.K88 (button) showed [9c Ks] and won 27500 with One pair : 9


Winamax Poker - Tournament "BIG BANG" buyIn: 4.50€ + 0.50€ level: 13 - HandId: #870848853132181521-127-1501708227 - Holdem no limit (250/1000/2000) - 2017/08/02 21:10:27 UTC
Table: 'BIG BANG(202760299)#016' 6-max (real money) Seat #1 is the button
Seat 1: tofffee (65710)
Seat 2: Jules190 (131741)
Seat 3: aterfast_g (72110)
Seat 4: Baby Driver (154647)
Seat 5: manggy94 (71485)
Seat 6: Polack.K88 (90207)
*** ANTE/BLINDS ***
Jules190 posts ante 250
aterfast_g posts ante 250
tofffee posts ante 250
Baby Driver posts ante 250
manggy94 posts ante 250
Polack.K88 posts ante 250
Jules190 posts small blind 1000
aterfast_g posts big blind 2000
Dealt to manggy94 [8d Ad]
*** PRE-FLOP *** 
Baby Driver folds
manggy94 calls 2000
Polack.K88 calls 2000
tofffee folds
Jules190 calls 1000
aterfast_g checks
*** FLOP *** [Jd Jh 8c]
Jules190 checks
aterfast_g checks
manggy94 bets 2000
Polack.K88 calls 2000
Jules190 folds
aterfast_g folds
*** TURN *** [Jd Jh 8c][Kh]
manggy94 checks
Polack.K88 bets 6750
manggy94 calls 6750
*** RIVER *** [Jd Jh 8c Kh][4s]
manggy94 checks
Polack.K88 checks
*** SHOW DOWN ***
Polack.K88 shows [Ts Qd] (One pair : Jacks)
manggy94 shows [8d Ad] (Two pairs : Jacks and 8)
manggy94 collected 27000 from pot
*** SUMMARY ***
Total pot 27000 | No rake
Board: [Jd Jh 8c Kh 4s]
Seat 5: manggy94 showed [8d Ad] and won 27000 with Two pairs : Jacks and 8
Seat 6: Polack.K88 showed [Ts Qd] and lost with One pair : Jacks


Winamax Poker - Tournament "BIG BANG" buyIn: 4.50€ + 0.50€ level: 13 - HandId: #870848853132181521-128-1501708307 - Holdem no limit (250/1000/2000) - 2017/08/02 21:11:47 UTC
Table: 'BIG BANG(202760299)#016' 6-max (real money) Seat #2 is the button
Seat 1: tofffee (65460)
Seat 2: Jules190 (129491)
Seat 3: aterfast_g (69860)
Seat 4: Baby Driver (154397)
Seat 5: manggy94 (87485)
Seat 6: Polack.K88 (79207)
*** ANTE/BLINDS ***
aterfast_g posts ante 250
Baby Driver posts ante 250
tofffee posts ante 250
Jules190 posts ante 250
manggy94 posts ante 250
Polack.K88 posts ante 250
aterfast_g posts small blind 1000
Baby Driver posts big blind 2000
Dealt to manggy94 [8d Jd]
*** PRE-FLOP *** 
manggy94 calls 2000
Polack.K88 folds
tofffee folds
Jules190 calls 2000
aterfast_g raises 5000 to 7000
Baby Driver folds
manggy94 folds
Jules190 folds
aterfast_g collected 14500 from pot
*** SUMMARY ***
Total pot 14500 | No rake
Seat 3: aterfast_g (small blind) won 14500


Winamax Poker - Tournament "BIG BANG" buyIn: 4.50€ + 0.50€ level: 13 - HandId: #870848853132181521-129-1501708369 - Holdem no limit (250/1000/2000) - 2017/08/02 21:12:49 UTC
Table: 'BIG BANG(202760299)#016' 6-max (real money) Seat #3 is the button
Seat 1: tofffee (65210)
Seat 2: Jules190 (127241)
Seat 3: aterfast_g (77110)
Seat 4: Baby Driver (152147)
Seat 5: manggy94 (85235)
Seat 6: Polack.K88 (78957)
*** ANTE/BLINDS ***
Baby Driver posts ante 250
manggy94 posts ante 250
tofffee posts ante 250
Jules190 posts ante 250
aterfast_g posts ante 250
Polack.K88 posts ante 250
Baby Driver posts small blind 1000
manggy94 posts big blind 2000
Dealt to manggy94 [2c Qs]
*** PRE-FLOP *** 
Polack.K88 calls 2000
tofffee folds
Jules190 folds
aterfast_g folds
Baby Driver folds
manggy94 checks
*** FLOP *** [8h Qh Jh]
manggy94 bets 3250
Polack.K88 folds
manggy94 collected 9750 from pot
*** SUMMARY ***
Total pot 9750 | No rake
Board: [8h Qh Jh]
Seat 5: manggy94 (big blind) won 9750


Winamax Poker - Tournament "BIG BANG" buyIn: 4.50€ + 0.50€ level: 13 - HandId: #870848853132181521-130-1501708409 - Holdem no limit (250/1000/2000) - 2017/08/02 21:13:29 UTC
Table: 'BIG BANG(202760299)#016' 6-max (real money) Seat #4 is the button
Seat 1: tofffee (64960)
Seat 2: Jules190 (126991)
Seat 3: aterfast_g (76860)
Seat 4: Baby Driver (150897)
Seat 5: manggy94 (89485)
Seat 6: Polack.K88 (76707)
*** ANTE/BLINDS ***
manggy94 posts ante 250
Polack.K88 posts ante 250
tofffee posts ante 250
Jules190 posts ante 250
aterfast_g posts ante 250
Baby Driver posts ante 250
manggy94 posts small blind 1000
Polack.K88 posts big blind 2000
Dealt to manggy94 [7s Jh]
*** PRE-FLOP *** 
tofffee folds
Jules190 folds
aterfast_g folds
Baby Driver raises 3000 to 5000
manggy94 folds
Polack.K88 calls 3000
*** FLOP *** [3c Qs 6d]
Polack.K88 checks
Baby Driver bets 4000
Polack.K88 calls 4000
*** TURN *** [3c Qs 6d][5h]
Polack.K88 checks
Baby Driver bets 11000
Polack.K88 calls 11000
*** RIVER *** [3c Qs 6d 5h][Jc]
Polack.K88 checks
Baby Driver bets 130647 and is all-in
Polack.K88 folds
Baby Driver collected 173147 from pot
*** SUMMARY ***
Total pot 173147 | No rake
Board: [3c Qs 6d 5h Jc]
Seat 4: Baby Driver (button) won 173147


Winamax Poker - Tournament "BIG BANG" buyIn: 4.50€ + 0.50€ level: 13 - HandId: #870848853132181521-131-1501708466 - Holdem no limit (250/1000/2000) - 2017/08/02 21:14:26 UTC
Table: 'BIG BANG(202760299)#016' 6-max (real money) Seat #5 is the button
Seat 1: tofffee (64710)
Seat 2: Jules190 (126741)
Seat 3: aterfast_g (76610)
Seat 4: Baby Driver (173147)
Seat 5: manggy94 (88235)
Seat 6: Polack.K88 (56457)
*** ANTE/BLINDS ***
Polack.K88 posts ante 250
tofffee posts ante 250
Jules190 posts ante 250
aterfast_g posts ante 250
Baby Driver posts ante 250
manggy94 posts ante 250
Polack.K88 posts small blind 1000
tofffee posts big blind 2000
Dealt to manggy94 [Ah 2c]
*** PRE-FLOP *** 
Jules190 folds
aterfast_g folds
Baby Driver folds
manggy94 calls 2000
Polack.K88 folds
tofffee checks
*** FLOP *** [Qc 5s 6d]
tofffee checks
manggy94 bets 3250
tofffee folds
manggy94 collected 9750 from pot
*** SUMMARY ***
Total pot 9750 | No rake
Board: [Qc 5s 6d]
Seat 5: manggy94 (button) won 9750


Winamax Poker - Tournament "BIG BANG" buyIn: 4.50€ + 0.50€ level: 14 - HandId: #870848853132181521-132-1501708516 - Holdem no limit (300/1250/2500) - 2017/08/02 21:15:16 UTC
Table: 'BIG BANG(202760299)#016' 6-max (real money) Seat #6 is the button
Seat 1: tofffee (62460)
Seat 2: Jules190 (126491)
Seat 3: aterfast_g (76360)
Seat 4: Baby Driver (172897)
Seat 5: manggy94 (92485)
Seat 6: Polack.K88 (55207)
*** ANTE/BLINDS ***
tofffee posts ante 300
Jules190 posts ante 300
aterfast_g posts ante 300
Baby Driver posts ante 300
manggy94 posts ante 300
Polack.K88 posts ante 300
tofffee posts small blind 1250
Jules190 posts big blind 2500
Dealt to manggy94 [9d 6d]
*** PRE-FLOP *** 
aterfast_g folds
Baby Driver folds
manggy94 folds
Polack.K88 raises 2500 to 5000
tofffee folds
Jules190 folds
Polack.K88 collected 10550 from pot
*** SUMMARY ***
Total pot 10550 | No rake
Seat 6: Polack.K88 (button) won 10550


Winamax Poker - Tournament "BIG BANG" buyIn: 4.50€ + 0.50€ level: 14 - HandId: #870848853132181521-133-1501708540 - Holdem no limit (300/1250/2500) - 2017/08/02 21:15:40 UTC
Table: 'BIG BANG(202760299)#016' 6-max (real money) Seat #1 is the button
Seat 1: tofffee (60910)
Seat 2: Jules190 (123691)
Seat 3: aterfast_g (76060)
Seat 4: Baby Driver (172597)
Seat 5: manggy94 (92185)
Seat 6: Polack.K88 (60457)
*** ANTE/BLINDS ***
Jules190 posts ante 300
aterfast_g posts ante 300
tofffee posts ante 300
Baby Driver posts ante 300
manggy94 posts ante 300
Polack.K88 posts ante 300
Jules190 posts small blind 1250
aterfast_g posts big blind 2500
Dealt to manggy94 [9s 6s]
*** PRE-FLOP *** 
Baby Driver folds
manggy94 folds
Polack.K88 raises 10000 to 12500
tofffee folds
Jules190 folds
aterfast_g folds
Polack.K88 collected 18050 from pot
*** SUMMARY ***
Total pot 18050 | No rake
Seat 6: Polack.K88 won 18050


Winamax Poker - Tournament "BIG BANG" buyIn: 4.50€ + 0.50€ level: 14 - HandId: #870848853132181521-134-1501708579 - Holdem no limit (300/1250/2500) - 2017/08/02 21:16:19 UTC
Table: 'BIG BANG(202760299)#016' 6-max (real money) Seat #2 is the button
Seat 1: tofffee (60610)
Seat 2: Jules190 (122141)
Seat 3: aterfast_g (73260)
Seat 4: Baby Driver (172297)
Seat 5: manggy94 (91885)
Seat 6: Polack.K88 (65707)
*** ANTE/BLINDS ***
aterfast_g posts ante 300
Baby Driver posts ante 300
tofffee posts ante 300
Jules190 posts ante 300
manggy94 posts ante 300
Polack.K88 posts ante 300
aterfast_g posts small blind 1250
Baby Driver posts big blind 2500
Dealt to manggy94 [8d 2h]
*** PRE-FLOP *** 
manggy94 folds
Polack.K88 raises 10000 to 12500
tofffee raises 47810 to 60310 and is all-in
Jules190 folds
aterfast_g folds
Baby Driver folds
Polack.K88 calls 47810
*** FLOP *** [8c Kd 6h]
*** TURN *** [8c Kd 6h][6c]
*** RIVER *** [8c Kd 6h 6c][7s]
*** SHOW DOWN ***
Polack.K88 shows [Jc Js] (Two pairs : Jacks and 6)
tofffee shows [Qc Qs] (Two pairs : Queens and 6)
tofffee collected 126170 from pot
*** SUMMARY ***
Total pot 126170 | No rake
Board: [8c Kd 6h 6c 7s]
Seat 1: tofffee showed [Qc Qs] and won 126170 with Two pairs : Queens and 6
Seat 6: Polack.K88 showed [Jc Js] and lost with Two pairs : Jacks and 6


Winamax Poker - Tournament "BIG BANG" buyIn: 4.50€ + 0.50€ level: 14 - HandId: #870848853132181521-135-1501708604 - Holdem no limit (300/1250/2500) - 2017/08/02 21:16:44 UTC
Table: 'BIG BANG(202760299)#016' 6-max (real money) Seat #3 is the button
Seat 1: tofffee (126170)
Seat 2: Jules190 (121841)
Seat 3: aterfast_g (71710)
Seat 4: Baby Driver (169497)
Seat 5: manggy94 (91585)
Seat 6: Polack.K88 (5097)
*** ANTE/BLINDS ***
Baby Driver posts ante 300
manggy94 posts ante 300
tofffee posts ante 300
Jules190 posts ante 300
aterfast_g posts ante 300
Polack.K88 posts ante 300
Baby Driver posts small blind 1250
manggy94 posts big blind 2500
Dealt to manggy94 [Kc 7h]
*** PRE-FLOP *** 
Polack.K88 folds
tofffee folds
Jules190 raises 2500 to 5000
aterfast_g folds
Baby Driver folds
manggy94 calls 2500
*** FLOP *** [Ac Kd As]
manggy94 bets 6525
Jules190 calls 6525
*** TURN *** [Ac Kd As][7c]
manggy94 checks
Jules190 bets 17400
manggy94 calls 17400
*** RIVER *** [Ac Kd As 7c][4h]
manggy94 checks
Jules190 bets 92616 and is all-in
manggy94 calls 62360 and is all-in
*** SHOW DOWN ***
manggy94 shows [Kc 7h] (Two pairs : Aces and Kings)
Jules190 shows [Ad 3c] (Trips of Aces)
Jules190 collected 215876 from pot
*** SUMMARY ***
Total pot 215876 | No rake
Board: [Ac Kd As 7c 4h]
Seat 2: Jules190 showed [Ad 3c] and won 215876 with Trips of Aces
Seat 5: manggy94 (big blind) showed [Kc 7h] and lost with Two pairs : Aces and Kings


