Winamax Poker - Tournament "FAST FOOD" buyIn: 4.50€ + 0.50€ level: 8 - HandId: #1021616928369672206-23-1529404628 - Holdem no limit (80/300/600) - 2018/06/19 10:37:08 UTC
Table: 'FAST FOOD(237863727)#013' 8-max (real money) Seat #8 is the button
Seat 1: Silento69 (32550)
Seat 2: manggy94 (10000)
Seat 3: gohou13 (6314)
Seat 4: T.Midgley (8773)
Seat 5: SmokingGUN (9920)
Seat 6: DIMMAKDU51 (17616)
Seat 7: little why (8980)
Seat 8: galouse (39470)
*** ANTE/BLINDS ***
Silento69 posts ante 80
manggy94 posts ante 80
gohou13 posts ante 80
T.Midgley posts ante 80
SmokingGUN posts ante 80
DIMMAKDU51 posts ante 80
little why posts ante 80
galouse posts ante 80
Silento69 posts small blind 300
manggy94 posts big blind 600
Dealt to manggy94 [2c Ks]
*** PRE-FLOP *** 
gohou13 folds
T.Midgley folds
SmokingGUN calls 600
DIMMAKDU51 folds
little why raises 8300 to 8900 and is all-in
galouse folds
Silento69 folds
manggy94 folds
SmokingGUN folds
little why collected 11040 from pot
*** SUMMARY ***
Total pot 11040 | No rake
Seat 7: little why won 11040


Winamax Poker - Tournament "FAST FOOD" buyIn: 4.50€ + 0.50€ level: 8 - HandId: #1021616928369672206-24-1529404663 - Holdem no limit (80/300/600) - 2018/06/19 10:37:43 UTC
Table: 'FAST FOOD(237863727)#013' 8-max (real money) Seat #1 is the button
Seat 1: Silento69 (32170)
Seat 2: manggy94 (9320)
Seat 3: gohou13 (6234)
Seat 4: T.Midgley (8693)
Seat 5: SmokingGUN (9240)
Seat 6: DIMMAKDU51 (17536)
Seat 7: little why (11040)
Seat 8: galouse (39390)
*** ANTE/BLINDS ***
manggy94 posts ante 80
gohou13 posts ante 80
Silento69 posts ante 80
T.Midgley posts ante 80
SmokingGUN posts ante 80
DIMMAKDU51 posts ante 80
little why posts ante 80
galouse posts ante 80
manggy94 posts small blind 300
gohou13 posts big blind 600
Dealt to manggy94 [9d 2h]
*** PRE-FLOP *** 
T.Midgley folds
SmokingGUN raises 600 to 1200
DIMMAKDU51 folds
little why folds
galouse folds
Silento69 calls 1200
manggy94 folds
gohou13 folds
*** FLOP *** [Jh Kc 5d]
SmokingGUN bets 7960 and is all-in
Silento69 folds
SmokingGUN collected 11900 from pot
*** SUMMARY ***
Total pot 11900 | No rake
Board: [Jh Kc 5d]
Seat 5: SmokingGUN won 11900


Winamax Poker - Tournament "FAST FOOD" buyIn: 4.50€ + 0.50€ level: 8 - HandId: #1021616928369672206-25-1529404696 - Holdem no limit (80/300/600) - 2018/06/19 10:38:16 UTC
Table: 'FAST FOOD(237863727)#013' 8-max (real money) Seat #2 is the button
Seat 1: Silento69 (30890)
Seat 2: manggy94 (8940)
Seat 3: gohou13 (5554)
Seat 4: T.Midgley (8613)
Seat 5: SmokingGUN (11900)
Seat 6: DIMMAKDU51 (17456)
Seat 7: little why (10960)
Seat 8: galouse (39310)
*** ANTE/BLINDS ***
gohou13 posts ante 80
T.Midgley posts ante 80
Silento69 posts ante 80
manggy94 posts ante 80
SmokingGUN posts ante 80
DIMMAKDU51 posts ante 80
little why posts ante 80
galouse posts ante 80
gohou13 posts small blind 300
T.Midgley posts big blind 600
Dealt to manggy94 [2h Kh]
*** PRE-FLOP *** 
SmokingGUN raises 600 to 1200
DIMMAKDU51 folds
little why folds
galouse folds
Silento69 folds
manggy94 calls 1200
gohou13 folds
T.Midgley raises 7333 to 8533 and is all-in
SmokingGUN raises 3287 to 11820 and is all-in
manggy94 folds
*** FLOP *** [Ts 9c 5c]
*** TURN *** [Ts 9c 5c][Kc]
*** RIVER *** [Ts 9c 5c Kc][Qc]
*** SHOW DOWN ***
T.Midgley shows [Jc As] (Flush King high)
SmokingGUN shows [Js Qs] (Straight King high)
SmokingGUN collected 3287 from side pot 1
T.Midgley collected 19206 from main pot
*** SUMMARY ***
Total pot 22493 | No rake
Board: [Ts 9c 5c Kc Qc]
Seat 4: T.Midgley (big blind) showed [Jc As] and won 19206 with Flush King high
Seat 5: SmokingGUN showed [Js Qs] and won 3287 with Straight King high


Winamax Poker - Tournament "FAST FOOD" buyIn: 4.50€ + 0.50€ level: 9 - HandId: #1021616928369672206-26-1529404752 - Holdem no limit (100/400/800) - 2018/06/19 10:39:12 UTC
Table: 'FAST FOOD(237863727)#013' 8-max (real money) Seat #3 is the button
Seat 1: Silento69 (30810)
Seat 2: manggy94 (7660)
Seat 3: gohou13 (5174)
Seat 4: T.Midgley (19206)
Seat 5: SmokingGUN (3287)
Seat 6: DIMMAKDU51 (17376)
Seat 7: little why (10880)
Seat 8: galouse (39230)
*** ANTE/BLINDS ***
T.Midgley posts ante 100
SmokingGUN posts ante 100
Silento69 posts ante 100
manggy94 posts ante 100
gohou13 posts ante 100
DIMMAKDU51 posts ante 100
little why posts ante 100
galouse posts ante 100
T.Midgley posts small blind 400
SmokingGUN posts big blind 800
Dealt to manggy94 [Ac 9d]
*** PRE-FLOP *** 
DIMMAKDU51 raises 800 to 1600
little why folds
galouse calls 1600
Silento69 calls 1600
manggy94 calls 1600
gohou13 raises 3474 to 5074 and is all-in
T.Midgley folds
SmokingGUN folds
DIMMAKDU51 raises 12202 to 17276 and is all-in
galouse calls 15676
Silento69 folds
manggy94 calls 5960 and is all-in
*** FLOP *** [3c 4h Kd]
*** TURN *** [3c 4h Kd][5c]
*** RIVER *** [3c 4h Kd 5c][9c]
*** SHOW DOWN ***
manggy94 shows [Ac 9d] (One pair : 9)
gohou13 shows [7c 7h] (One pair : 7)
galouse shows [9s Ks] (Two pairs : Kings and 9)
DIMMAKDU51 shows [2h Ad] (Straight 5 high)
DIMMAKDU51 collected 50786 from pot
*** SUMMARY ***
Total pot 50786 | No rake
Board: [3c 4h Kd 5c 9c]
Seat 2: manggy94 showed [Ac 9d] and lost with One pair : 9
Seat 3: gohou13 (button) showed [7c 7h] and lost with One pair : 7
Seat 6: DIMMAKDU51 showed [2h Ad] and won 50786 with Straight 5 high
Seat 8: galouse showed [9s Ks] and lost with Two pairs : Kings and 9


Winamax Poker - Tournament "FAST FOOD" buyIn: 4.50€ + 0.50€ level: 9 - HandId: #1021616928369672235-18-1529404893 - Holdem no limit (100/400/800) - 2018/06/19 10:41:33 UTC
Table: 'FAST FOOD(237863727)#042' 8-max (real money) Seat #7 is the button
Seat 1: manggy94 (10000)
Seat 2: kla974 (15120)
Seat 3: BlaKOwlRiver (18080)
Seat 4: Horrificator (30160)
Seat 5: Short Hand (10325)
Seat 6: PAPAFISH17 (20690)
Seat 7: Utg59j (7450)
*** ANTE/BLINDS ***
manggy94 posts ante 100
kla974 posts ante 100
BlaKOwlRiver posts ante 100
Horrificator posts ante 100
Short Hand posts ante 100
PAPAFISH17 posts ante 100
Utg59j posts ante 100
manggy94 posts big blind 800
Dealt to manggy94 [5h 8d]
*** PRE-FLOP *** 
kla974 raises 14220 to 15020 and is all-in
BlaKOwlRiver folds
Horrificator raises 15040 to 30060 and is all-in
Short Hand folds
PAPAFISH17 folds
Utg59j calls 7350 and is all-in
manggy94 folds
*** FLOP *** [7c 4h 4d]
*** TURN *** [7c 4h 4d][2c]
*** RIVER *** [7c 4h 4d 2c][5c]
*** SHOW DOWN ***
kla974 shows [6d 6c] (Two pairs : 6 and 4)
Utg59j shows [Ad Js] (One pair : 4)
Horrificator shows [As Ah] (Two pairs : Aces and 4)
Horrificator collected 53930 from pot
*** SUMMARY ***
Total pot 53930 | No rake
Board: [7c 4h 4d 2c 5c]
Seat 2: kla974 showed [6d 6c] and lost with Two pairs : 6 and 4
Seat 4: Horrificator showed [As Ah] and won 53930 with Two pairs : Aces and 4
Seat 7: Utg59j (button) showed [Ad Js] and lost with One pair : 4


Winamax Poker - Tournament "FAST FOOD" buyIn: 4.50€ + 0.50€ level: 10 - HandId: #1021616928369672213-29-1529404966 - Holdem no limit (120/500/1000) - 2018/06/19 10:42:46 UTC
Table: 'FAST FOOD(237863727)#020' 8-max (real money) Seat #3 is the button
Seat 2: TAIZ (4320)
Seat 3: manggy94 (9100)
Seat 4: manolou99 (111565)
Seat 5: x 33Karo x (9700)
Seat 6: MATT P0K0RA (9800)
Seat 7: laimis80 (5270)
Seat 8: Ace_Venturaa (8714)
*** ANTE/BLINDS ***
manolou99 posts ante 120
x 33Karo x posts ante 120
TAIZ posts ante 120
MATT P0K0RA posts ante 120
laimis80 posts ante 120
Ace_Venturaa posts ante 120
manolou99 posts small blind 500
x 33Karo x posts big blind 1000
*** PRE-FLOP *** 
MATT P0K0RA folds
laimis80 folds
Ace_Venturaa folds
TAIZ raises 3200 to 4200 and is all-in
manolou99 calls 3700
x 33Karo x raises 5380 to 9580 and is all-in
manolou99 calls 5380
*** FLOP *** [Jd Td 3s]
*** TURN *** [Jd Td 3s][4c]
*** RIVER *** [Jd Td 3s 4c][6c]
*** SHOW DOWN ***
TAIZ shows [Ts Qh] (One pair : Tens)
manolou99 shows [Kh Jc] (One pair : Jacks)
x 33Karo x shows [Ac As] (One pair : Aces)
x 33Karo x collected 24080 from pot
*** SUMMARY ***
Total pot 24080 | No rake
Board: [Jd Td 3s 4c 6c]
Seat 2: TAIZ showed [Ts Qh] and lost with One pair : Tens
Seat 4: manolou99 (small blind) showed [Kh Jc] and lost with One pair : Jacks
Seat 5: x 33Karo x (big blind) showed [Ac As] and won 24080 with One pair : Aces


Winamax Poker - Tournament "FAST FOOD" buyIn: 4.50€ + 0.50€ level: 10 - HandId: #1021616928369672213-30-1529404993 - Holdem no limit (120/500/1000) - 2018/06/19 10:43:13 UTC
Table: 'FAST FOOD(237863727)#020' 8-max (real money) Seat #4 is the button
Seat 1: LeFou50 (10000)
Seat 3: manggy94 (9100)
Seat 4: manolou99 (101865)
Seat 5: x 33Karo x (24080)
Seat 6: MATT P0K0RA (9680)
Seat 7: laimis80 (5150)
Seat 8: Ace_Venturaa (8594)
*** ANTE/BLINDS ***
x 33Karo x posts ante 120
MATT P0K0RA posts ante 120
LeFou50 posts ante 120
manggy94 posts ante 120
manolou99 posts ante 120
laimis80 posts ante 120
Ace_Venturaa posts ante 120
x 33Karo x posts small blind 500
MATT P0K0RA posts big blind 1000
Dealt to manggy94 [Ad 6c]
*** PRE-FLOP *** 
laimis80 raises 4030 to 5030 and is all-in
Ace_Venturaa raises 3444 to 8474 and is all-in
LeFou50 folds
manggy94 folds
manolou99 folds
x 33Karo x folds
MATT P0K0RA folds
*** FLOP *** [7d Td 4h]
*** TURN *** [7d Td 4h][Kc]
*** RIVER *** [7d Td 4h Kc][Jh]
*** SHOW DOWN ***
laimis80 shows [4s As] (One pair : 4)
Ace_Venturaa shows [Ac 3h] (High card : Ace)
Ace_Venturaa collected 3444 from side pot 1
laimis80 collected 12400 from main pot
*** SUMMARY ***
Total pot 15844 | No rake
Board: [7d Td 4h Kc Jh]
Seat 7: laimis80 showed [4s As] and won 12400 with One pair : 4
Seat 8: Ace_Venturaa showed [Ac 3h] and won 3444 with High card : Ace


Winamax Poker - Tournament "FAST FOOD" buyIn: 4.50€ + 0.50€ level: 10 - HandId: #1021616928369672213-31-1529405013 - Holdem no limit (120/500/1000) - 2018/06/19 10:43:33 UTC
Table: 'FAST FOOD(237863727)#020' 8-max (real money) Seat #5 is the button
Seat 1: LeFou50 (9880)
Seat 2: Putch777 (11817)
Seat 3: manggy94 (8980)
Seat 4: manolou99 (101745)
Seat 5: x 33Karo x (23460)
Seat 6: MATT P0K0RA (8560)
Seat 7: laimis80 (12400)
Seat 8: Ace_Venturaa (3444)
*** ANTE/BLINDS ***
MATT P0K0RA posts ante 120
laimis80 posts ante 120
LeFou50 posts ante 120
Putch777 posts ante 120
manggy94 posts ante 120
manolou99 posts ante 120
x 33Karo x posts ante 120
Ace_Venturaa posts ante 120
MATT P0K0RA posts small blind 500
laimis80 posts big blind 1000
Dealt to manggy94 [Ac 7h]
*** PRE-FLOP *** 
Ace_Venturaa raises 2324 to 3324 and is all-in
LeFou50 folds
Putch777 folds
manggy94 calls 3324
manolou99 folds
x 33Karo x folds
MATT P0K0RA folds
laimis80 raises 8956 to 12280 and is all-in
manggy94 calls 5536 and is all-in
*** FLOP *** [5h 4s Qs]
*** TURN *** [5h 4s Qs][Ad]
*** RIVER *** [5h 4s Qs Ad][Qd]
*** SHOW DOWN ***
Ace_Venturaa shows [6d Ks] (One pair : Queens)
manggy94 shows [Ac 7h] (Two pairs : Aces and Queens)
laimis80 shows [Kd Kh] (Two pairs : Kings and Queens)
laimis80 collected 3420 from side pot 1
manggy94 collected 22504 from main pot
*** SUMMARY ***
Total pot 25924 | No rake
Board: [5h 4s Qs Ad Qd]
Seat 3: manggy94 showed [Ac 7h] and won 22504 with Two pairs : Aces and Queens
Seat 7: laimis80 (big blind) showed [Kd Kh] and won 3420 with Two pairs : Kings and Queens
Seat 8: Ace_Venturaa showed [6d Ks] and lost with One pair : Queens


Winamax Poker - Tournament "FAST FOOD" buyIn: 4.50€ + 0.50€ level: 10 - HandId: #1021616928369672213-32-1529405049 - Holdem no limit (120/500/1000) - 2018/06/19 10:44:09 UTC
Table: 'FAST FOOD(237863727)#020' 8-max (real money) Seat #6 is the button
Seat 1: LeFou50 (9760)
Seat 2: Putch777 (11697)
Seat 3: manggy94 (22504)
Seat 4: manolou99 (101625)
Seat 5: x 33Karo x (23340)
Seat 6: MATT P0K0RA (7940)
Seat 7: laimis80 (3420)
*** ANTE/BLINDS ***
laimis80 posts ante 120
LeFou50 posts ante 120
Putch777 posts ante 120
manggy94 posts ante 120
manolou99 posts ante 120
x 33Karo x posts ante 120
MATT P0K0RA posts ante 120
laimis80 posts small blind 500
LeFou50 posts big blind 1000
Dealt to manggy94 [9h Jc]
*** PRE-FLOP *** 
Putch777 folds
manggy94 raises 1000 to 2000
manolou99 calls 2000
x 33Karo x calls 2000
MATT P0K0RA raises 5820 to 7820 and is all-in
laimis80 folds
LeFou50 folds
manggy94 folds
manolou99 calls 5820
x 33Karo x calls 5820
*** FLOP *** [Qs Ac As]
manolou99 checks
x 33Karo x bets 4000
manolou99 folds
*** TURN *** [Qs Ac As][4h]
*** RIVER *** [Qs Ac As 4h][9c]
*** SHOW DOWN ***
MATT P0K0RA shows [Kc Js] (One pair : Aces)
x 33Karo x shows [Qc Ks] (Two pairs : Aces and Queens)
x 33Karo x collected 31800 from pot
*** SUMMARY ***
Total pot 31800 | No rake
Board: [Qs Ac As 4h 9c]
Seat 5: x 33Karo x showed [Qc Ks] and won 31800 with Two pairs : Aces and Queens
Seat 6: MATT P0K0RA (button) showed [Kc Js] and lost with One pair : Aces


Winamax Poker - Tournament "FAST FOOD" buyIn: 4.50€ + 0.50€ level: 11 - HandId: #1021616928369672213-33-1529405113 - Holdem no limit (160/600/1200) - 2018/06/19 10:45:13 UTC
Table: 'FAST FOOD(237863727)#020' 8-max (real money) Seat #7 is the button
Seat 1: LeFou50 (8640)
Seat 2: Putch777 (11577)
Seat 3: manggy94 (20384)
Seat 4: manolou99 (93685)
Seat 5: x 33Karo x (43200)
Seat 7: laimis80 (2800)
Seat 8: Rouge10 (10000)
*** ANTE/BLINDS ***
LeFou50 posts ante 160
Putch777 posts ante 160
manggy94 posts ante 160
manolou99 posts ante 160
x 33Karo x posts ante 160
laimis80 posts ante 160
LeFou50 posts small blind 600
Putch777 posts big blind 1200
Dealt to manggy94 [2h 3s]
*** PRE-FLOP *** 
manggy94 folds
manolou99 folds
x 33Karo x folds
laimis80 raises 1440 to 2640 and is all-in
LeFou50 folds
Putch777 calls 1440
*** FLOP *** [5s Ts 2s]
*** TURN *** [5s Ts 2s][Qc]
*** RIVER *** [5s Ts 2s Qc][Jh]
*** SHOW DOWN ***
laimis80 shows [Ac 9h] (High card : Ace)
Putch777 shows [5h 6h] (One pair : 5)
Putch777 collected 6840 from pot
*** SUMMARY ***
Total pot 6840 | No rake
Board: [5s Ts 2s Qc Jh]
Seat 2: Putch777 (big blind) showed [5h 6h] and won 6840 with One pair : 5
Seat 7: laimis80 (button) showed [Ac 9h] and lost with High card : Ace


Winamax Poker - Tournament "FAST FOOD" buyIn: 4.50€ + 0.50€ level: 11 - HandId: #1021616928369672213-34-1529405151 - Holdem no limit (160/600/1200) - 2018/06/19 10:45:51 UTC
Table: 'FAST FOOD(237863727)#020' 8-max (real money) Seat #1 is the button
Seat 1: LeFou50 (7880)
Seat 2: Putch777 (15617)
Seat 3: manggy94 (20224)
Seat 4: manolou99 (93525)
Seat 5: x 33Karo x (43040)
Seat 8: Rouge10 (10000)
*** ANTE/BLINDS ***
Putch777 posts ante 160
manggy94 posts ante 160
LeFou50 posts ante 160
manolou99 posts ante 160
x 33Karo x posts ante 160
Rouge10 posts ante 160
Putch777 posts small blind 600
manggy94 posts big blind 1200
Dealt to manggy94 [2h 5c]
*** PRE-FLOP *** 
manolou99 raises 1200 to 2400
x 33Karo x folds
Rouge10 folds
LeFou50 folds
Putch777 calls 1800
manggy94 folds
*** FLOP *** [Jd Qh 4h]
Putch777 checks
manolou99 bets 6960
Putch777 folds
manolou99 collected 13920 from pot
*** SUMMARY ***
Total pot 13920 | No rake
Board: [Jd Qh 4h]
Seat 4: manolou99 won 13920


Winamax Poker - Tournament "FAST FOOD" buyIn: 4.50€ + 0.50€ level: 11 - HandId: #1021616928369672213-35-1529405256 - Holdem no limit (160/600/1200) - 2018/06/19 10:47:36 UTC
Table: 'FAST FOOD(237863727)#020' 8-max (real money) Seat #2 is the button
Seat 1: LeFou50 (7720)
Seat 2: Putch777 (13057)
Seat 3: manggy94 (18864)
Seat 4: manolou99 (97925)
Seat 5: x 33Karo x (42880)
Seat 6: Tonin52 (8230)
Seat 7: Barbblanch91 (14619)
Seat 8: Rouge10 (9840)
*** ANTE/BLINDS ***
manggy94 posts ante 160
manolou99 posts ante 160
LeFou50 posts ante 160
Putch777 posts ante 160
x 33Karo x posts ante 160
Tonin52 posts ante 160
Barbblanch91 posts ante 160
Rouge10 posts ante 160
manggy94 posts small blind 600
manolou99 posts big blind 1200
Dealt to manggy94 [Ks 3s]
*** PRE-FLOP *** 
x 33Karo x folds
Tonin52 folds
Barbblanch91 folds
Rouge10 calls 1200
LeFou50 raises 6360 to 7560 and is all-in
Putch777 folds
manggy94 folds
manolou99 calls 6360
Rouge10 raises 2120 to 9680 and is all-in
manolou99 calls 2120
*** FLOP *** [4c Jh 7d]
*** TURN *** [4c Jh 7d][Kc]
*** RIVER *** [4c Jh 7d Kc][6h]
*** SHOW DOWN ***
Rouge10 shows [Td 9d] (High card : King)
LeFou50 shows [Qd Kh] (One pair : Kings)
manolou99 shows [9h 7s] (One pair : 7)
manolou99 collected 4240 from side pot 1
LeFou50 collected 24560 from main pot
*** SUMMARY ***
Total pot 28800 | No rake
Board: [4c Jh 7d Kc 6h]
Seat 1: LeFou50 showed [Qd Kh] and won 24560 with One pair : Kings
Seat 4: manolou99 (big blind) showed [9h 7s] and won 4240 with One pair : 7
Seat 8: Rouge10 showed [Td 9d] and lost with High card : King


Winamax Poker - Tournament "FAST FOOD" buyIn: 4.50€ + 0.50€ level: 12 - HandId: #1021616928369672213-36-1529405300 - Holdem no limit (200/800/1600) - 2018/06/19 10:48:20 UTC
Table: 'FAST FOOD(237863727)#020' 8-max (real money) Seat #3 is the button
Seat 1: LeFou50 (24560)
Seat 2: Putch777 (12897)
Seat 3: manggy94 (18104)
Seat 4: manolou99 (92325)
Seat 5: x 33Karo x (42720)
Seat 6: Tonin52 (8070)
Seat 7: Barbblanch91 (14459)
*** ANTE/BLINDS ***
manolou99 posts ante 200
x 33Karo x posts ante 200
LeFou50 posts ante 200
Putch777 posts ante 200
manggy94 posts ante 200
Tonin52 posts ante 200
Barbblanch91 posts ante 200
manolou99 posts small blind 800
x 33Karo x posts big blind 1600
Dealt to manggy94 [Td 6h]
*** PRE-FLOP *** 
Tonin52 folds
Barbblanch91 folds
LeFou50 folds
Putch777 folds
manggy94 folds
manolou99 raises 1600 to 3200
x 33Karo x raises 39320 to 42520 and is all-in
manolou99 calls 39320
*** FLOP *** [4h 7d 6s]
*** TURN *** [4h 7d 6s][Ts]
*** RIVER *** [4h 7d 6s Ts][Th]
*** SHOW DOWN ***
x 33Karo x shows [Ac Jd] (One pair : Tens)
manolou99 shows [8c 8d] (Two pairs : Tens and 8)
manolou99 collected 86440 from pot
*** SUMMARY ***
Total pot 86440 | No rake
Board: [4h 7d 6s Ts Th]
Seat 4: manolou99 (small blind) showed [8c 8d] and won 86440 with Two pairs : Tens and 8
Seat 5: x 33Karo x (big blind) showed [Ac Jd] and lost with One pair : Tens


Winamax Poker - Tournament "FAST FOOD" buyIn: 4.50€ + 0.50€ level: 12 - HandId: #1021616928369672213-37-1529405328 - Holdem no limit (200/800/1600) - 2018/06/19 10:48:48 UTC
Table: 'FAST FOOD(237863727)#020' 8-max (real money) Seat #4 is the button
Seat 1: LeFou50 (24360)
Seat 2: Putch777 (12697)
Seat 3: manggy94 (17904)
Seat 4: manolou99 (136045)
Seat 6: Tonin52 (7870)
Seat 7: Barbblanch91 (14259)
*** ANTE/BLINDS ***
Tonin52 posts ante 200
LeFou50 posts ante 200
Putch777 posts ante 200
manggy94 posts ante 200
manolou99 posts ante 200
Barbblanch91 posts ante 200
Tonin52 posts big blind 1600
Dealt to manggy94 [5h 2d]
*** PRE-FLOP *** 
Barbblanch91 folds
LeFou50 folds
Putch777 folds
manggy94 folds
manolou99 folds
Tonin52 collected 2800 from pot
*** SUMMARY ***
Total pot 2800 | No rake
Seat 6: Tonin52 (big blind) won 2800


Winamax Poker - Tournament "FAST FOOD" buyIn: 4.50€ + 0.50€ level: 12 - HandId: #1021616928369672213-38-1529405344 - Holdem no limit (200/800/1600) - 2018/06/19 10:49:04 UTC
Table: 'FAST FOOD(237863727)#020' 8-max (real money) Seat #5 is the button
Seat 1: LeFou50 (24160)
Seat 2: Putch777 (12497)
Seat 3: manggy94 (17704)
Seat 4: manolou99 (135845)
Seat 6: Tonin52 (8870)
Seat 7: Barbblanch91 (14059)
*** ANTE/BLINDS ***
Tonin52 posts ante 200
Barbblanch91 posts ante 200
LeFou50 posts ante 200
Putch777 posts ante 200
manggy94 posts ante 200
manolou99 posts ante 200
Tonin52 posts small blind 800
Barbblanch91 posts big blind 1600
Dealt to manggy94 [6c Td]
*** PRE-FLOP *** 
LeFou50 folds
Putch777 folds
manggy94 folds
manolou99 raises 1600 to 3200
Tonin52 folds
Barbblanch91 folds
manolou99 collected 6800 from pot
*** SUMMARY ***
Total pot 6800 | No rake
Seat 4: manolou99 won 6800


Winamax Poker - Tournament "FAST FOOD" buyIn: 4.50€ + 0.50€ level: 12 - HandId: #1021616928369672213-39-1529405364 - Holdem no limit (200/800/1600) - 2018/06/19 10:49:24 UTC
Table: 'FAST FOOD(237863727)#020' 8-max (real money) Seat #6 is the button
Seat 1: LeFou50 (23960)
Seat 2: Putch777 (12297)
Seat 3: manggy94 (17504)
Seat 4: manolou99 (139245)
Seat 6: Tonin52 (7870)
Seat 7: Barbblanch91 (12259)
Seat 8: ZLATKO99 (28850)
*** ANTE/BLINDS ***
Barbblanch91 posts ante 200
ZLATKO99 posts ante 200
LeFou50 posts ante 200
Putch777 posts ante 200
manggy94 posts ante 200
manolou99 posts ante 200
Tonin52 posts ante 200
Barbblanch91 posts small blind 800
ZLATKO99 posts big blind 1600
Dealt to manggy94 [9d Ad]
*** PRE-FLOP *** 
LeFou50 folds
Putch777 folds
manggy94 raises 5400 to 7000
manolou99 folds
Tonin52 raises 670 to 7670 and is all-in
Barbblanch91 folds
ZLATKO99 raises 20980 to 28650 and is all-in
manggy94 calls 10304 and is all-in
*** FLOP *** [5h 7s 2d]
*** TURN *** [5h 7s 2d][Qd]
*** RIVER *** [5h 7s 2d Qd][6c]
*** SHOW DOWN ***
manggy94 shows [9d Ad] (High card : Ace)
Tonin52 shows [6h 6s] (Trips of 6)
ZLATKO99 shows [Kc Ks] (One pair : Kings)
ZLATKO99 collected 30614 from side pot 1
Tonin52 collected 25210 from main pot
*** SUMMARY ***
Total pot 55824 | No rake
Board: [5h 7s 2d Qd 6c]
Seat 3: manggy94 showed [9d Ad] and lost with High card : Ace
Seat 6: Tonin52 (button) showed [6h 6s] and won 25210 with Trips of 6
Seat 8: ZLATKO99 (big blind) showed [Kc Ks] and won 30614 with One pair : Kings


