Winamax Poker - Tournament "Kill The Fish" buyIn: 4.50€ + 0.50€ level: 4 - HandId: #1353615396384538646-7-1577706600 - Holdem no limit (30/125/250) - 2019/12/30 11:50:00 UTC
Table: 'Kill The Fish(315163144)#021' 6-max (real money) Seat #4 is the button
Seat 1: d00dz (19065)
Seat 2: lecloch (19975)
Seat 3: CapSizun (60540)
Seat 4: Mikabm (19440)
Seat 5: Davidaime (890)
Seat 6: manggy94 (20000)
*** ANTE/BLINDS ***
Davidaime posts ante 30
manggy94 posts ante 30
d00dz posts ante 30
lecloch posts ante 30
CapSizun posts ante 30
Mikabm posts ante 30
Davidaime posts small blind 125
manggy94 posts big blind 250
Dealt to manggy94 [2c 4s]
*** PRE-FLOP *** 
d00dz folds
lecloch raises 313 to 563
CapSizun calls 563
Mikabm calls 563
Davidaime folds
manggy94 folds
*** FLOP *** [Jh Ac 7h]
lecloch checks
CapSizun checks
Mikabm bets 250
lecloch calls 250
CapSizun folds
*** TURN *** [Jh Ac 7h][Ad]
lecloch checks
Mikabm bets 250
lecloch raises 1000 to 1250
Mikabm calls 1000
*** RIVER *** [Jh Ac 7h Ad][4h]
lecloch checks
Mikabm checks
*** SHOW DOWN ***
Mikabm shows [7d Td] (Two pairs : Aces and 7)
lecloch shows [Qd Qh] (Two pairs : Aces and Queens)
lecloch collected 5244 from pot
*** SUMMARY ***
Total pot 5244 | No rake
Board: [Jh Ac 7h Ad 4h]
Seat 2: lecloch showed [Qd Qh] and won 5244 with Two pairs : Aces and Queens
Seat 4: Mikabm (button) showed [7d Td] and lost with Two pairs : Aces and 7


Winamax Poker - Tournament "Kill The Fish" buyIn: 4.50€ + 0.50€ level: 4 - HandId: #1353615396384538646-8-1577706701 - Holdem no limit (30/125/250) - 2019/12/30 11:51:41 UTC
Table: 'Kill The Fish(315163144)#021' 6-max (real money) Seat #5 is the button
Seat 1: d00dz (19035)
Seat 2: lecloch (23126)
Seat 3: CapSizun (59947)
Seat 4: Mikabm (17347)
Seat 5: Davidaime (735)
Seat 6: manggy94 (19720)
*** ANTE/BLINDS ***
manggy94 posts ante 30
d00dz posts ante 30
lecloch posts ante 30
CapSizun posts ante 30
Mikabm posts ante 30
Davidaime posts ante 30
manggy94 posts small blind 125
d00dz posts big blind 250
Dealt to manggy94 [7d 6s]
*** PRE-FLOP *** 
lecloch folds
CapSizun calls 250
Mikabm raises 250 to 500
Davidaime raises 205 to 705 and is all-in
manggy94 folds
d00dz folds
CapSizun calls 455
Mikabm calls 205
*** FLOP *** [Jd 3c 9d]
CapSizun checks
Mikabm bets 250
CapSizun calls 250
*** TURN *** [Jd 3c 9d][Td]
CapSizun bets 250
Mikabm calls 250
*** RIVER *** [Jd 3c 9d Td][6c]
CapSizun bets 3670
Mikabm calls 3670
*** SHOW DOWN ***
CapSizun shows [5d Ks] (High card : King)
Davidaime shows [Qs 5h] (High card : Queen)
Mikabm shows [Ts Kc] (One pair : Tens)
Mikabm collected 11010 from pot
*** SUMMARY ***
Total pot 11010 | No rake
Board: [Jd 3c 9d Td 6c]
Seat 3: CapSizun showed [5d Ks] and lost with High card : King
Seat 4: Mikabm showed [Ts Kc] and won 11010 with One pair : Tens
Seat 5: Davidaime (button) showed [Qs 5h] and lost with High card : Queen


Winamax Poker - Tournament "Kill The Fish" buyIn: 4.50€ + 0.50€ level: 4 - HandId: #1353615396384538646-9-1577706796 - Holdem no limit (30/125/250) - 2019/12/30 11:53:16 UTC
Table: 'Kill The Fish(315163144)#021' 6-max (real money) Seat #6 is the button
Seat 1: d00dz (18755)
Seat 2: lecloch (23096)
Seat 3: CapSizun (55042)
Seat 4: Mikabm (23452)
Seat 6: manggy94 (19565)
*** ANTE/BLINDS ***
d00dz posts ante 30
lecloch posts ante 30
CapSizun posts ante 30
Mikabm posts ante 30
manggy94 posts ante 30
d00dz posts small blind 125
lecloch posts big blind 250
Dealt to manggy94 [4c 7s]
*** PRE-FLOP *** 
CapSizun raises 775 to 1025
Mikabm folds
manggy94 folds
d00dz folds
lecloch folds
CapSizun collected 1550 from pot
*** SUMMARY ***
Total pot 1550 | No rake
Seat 3: CapSizun won 1550


Winamax Poker - Tournament "Kill The Fish" buyIn: 4.50€ + 0.50€ level: 4 - HandId: #1353615396384538646-10-1577706813 - Holdem no limit (30/125/250) - 2019/12/30 11:53:33 UTC
Table: 'Kill The Fish(315163144)#021' 6-max (real money) Seat #1 is the button
Seat 1: d00dz (18600)
Seat 2: lecloch (22816)
Seat 3: CapSizun (55537)
Seat 4: Mikabm (23422)
Seat 6: manggy94 (19535)
*** ANTE/BLINDS ***
lecloch posts ante 30
CapSizun posts ante 30
d00dz posts ante 30
Mikabm posts ante 30
manggy94 posts ante 30
lecloch posts small blind 125
CapSizun posts big blind 250
Dealt to manggy94 [7h 6d]
*** PRE-FLOP *** 
Mikabm raises 23142 to 23392 and is all-in
manggy94 folds
d00dz folds
lecloch folds
CapSizun folds
Mikabm collected 23917 from pot
*** SUMMARY ***
Total pot 23917 | No rake
Seat 4: Mikabm won 23917


Winamax Poker - Tournament "Kill The Fish" buyIn: 4.50€ + 0.50€ level: 5 - HandId: #1353615396384538646-11-1577706855 - Holdem no limit (40/150/300) - 2019/12/30 11:54:15 UTC
Table: 'Kill The Fish(315163144)#021' 6-max (real money) Seat #2 is the button
Seat 1: d00dz (18570)
Seat 2: lecloch (22661)
Seat 3: CapSizun (55257)
Seat 4: Mikabm (23917)
Seat 5: Lac2020 (20000)
Seat 6: manggy94 (19505)
*** ANTE/BLINDS ***
CapSizun posts ante 40
Mikabm posts ante 40
d00dz posts ante 40
lecloch posts ante 40
Lac2020 posts ante 40
manggy94 posts ante 40
CapSizun posts small blind 150
Mikabm posts big blind 300
Dealt to manggy94 [4d 3h]
*** PRE-FLOP *** 
Lac2020 calls 300
manggy94 folds
d00dz folds
lecloch raises 723 to 1023
CapSizun calls 873
Mikabm raises 22854 to 23877 and is all-in
Lac2020 folds
lecloch calls 21598 and is all-in
CapSizun folds
*** FLOP *** [4c Qc Js]
*** TURN *** [4c Qc Js][8c]
*** RIVER *** [4c Qc Js 8c][Tc]
*** SHOW DOWN ***
lecloch shows [Ac Kd] (Flush Ace high)
Mikabm shows [Ad Ks] (Straight Ace high)
Mikabm collected 1256 from side pot 1
lecloch collected 46805 from main pot
*** SUMMARY ***
Total pot 48061 | No rake
Board: [4c Qc Js 8c Tc]
Seat 2: lecloch (button) showed [Ac Kd] and won 46805 with Flush Ace high
Seat 4: Mikabm (big blind) showed [Ad Ks] and won 1256 with Straight Ace high


Winamax Poker - Tournament "Kill The Fish" buyIn: 4.50€ + 0.50€ level: 5 - HandId: #1353615396384538646-12-1577707262 - Holdem no limit (40/150/300) - 2019/12/30 12:01:02 UTC
Table: 'Kill The Fish(315163144)#021' 6-max (real money) Seat #3 is the button
Seat 1: d00dz (18530)
Seat 2: lecloch (46805)
Seat 3: CapSizun (54194)
Seat 4: Mikabm (1256)
Seat 5: Lac2020 (19660)
Seat 6: manggy94 (19465)
*** ANTE/BLINDS ***
Mikabm posts ante 40
Lac2020 posts ante 40
d00dz posts ante 40
lecloch posts ante 40
CapSizun posts ante 40
manggy94 posts ante 40
Mikabm posts small blind 150
Lac2020 posts big blind 300
Dealt to manggy94 [8d As]
*** PRE-FLOP *** 
manggy94 folds
d00dz folds
lecloch folds
CapSizun raises 1200 to 1500
Mikabm folds
Lac2020 folds
CapSizun collected 2190 from pot
*** SUMMARY ***
Total pot 2190 | No rake
Seat 3: CapSizun (button) won 2190


Winamax Poker - Tournament "Kill The Fish" buyIn: 4.50€ + 0.50€ level: 5 - HandId: #1353615396384538646-13-1577707336 - Holdem no limit (40/150/300) - 2019/12/30 12:02:16 UTC
Table: 'Kill The Fish(315163144)#021' 6-max (real money) Seat #4 is the button
Seat 1: d00dz (18490)
Seat 2: lecloch (46765)
Seat 3: CapSizun (54844)
Seat 4: Mikabm (1066)
Seat 5: Lac2020 (19320)
Seat 6: manggy94 (19425)
*** ANTE/BLINDS ***
Lac2020 posts ante 40
manggy94 posts ante 40
d00dz posts ante 40
lecloch posts ante 40
CapSizun posts ante 40
Mikabm posts ante 40
Lac2020 posts small blind 150
manggy94 posts big blind 300
Dealt to manggy94 [Qh Qc]
*** PRE-FLOP *** 
d00dz folds
lecloch folds
CapSizun raises 450 to 750
Mikabm folds
Lac2020 folds
manggy94 raises 1890 to 2640
CapSizun calls 1890
*** FLOP *** [9c 5h 3s]
manggy94 checks
CapSizun checks
*** TURN *** [9c 5h 3s][7d]
manggy94 bets 2835
CapSizun folds
manggy94 collected 8505 from pot
*** SUMMARY ***
Total pot 8505 | No rake
Board: [9c 5h 3s 7d]
Seat 6: manggy94 (big blind) won 8505


Winamax Poker - Tournament "Kill The Fish" buyIn: 4.50€ + 0.50€ level: 5 - HandId: #1353615396384538646-14-1577707371 - Holdem no limit (40/150/300) - 2019/12/30 12:02:51 UTC
Table: 'Kill The Fish(315163144)#021' 6-max (real money) Seat #5 is the button
Seat 1: d00dz (18450)
Seat 2: lecloch (46725)
Seat 3: CapSizun (52164)
Seat 4: Mikabm (1026)
Seat 5: Lac2020 (19130)
Seat 6: manggy94 (22415)
*** ANTE/BLINDS ***
manggy94 posts ante 40
d00dz posts ante 40
lecloch posts ante 40
CapSizun posts ante 40
Mikabm posts ante 40
Lac2020 posts ante 40
manggy94 posts small blind 150
d00dz posts big blind 300
Dealt to manggy94 [6d 5h]
*** PRE-FLOP *** 
lecloch folds
CapSizun folds
Mikabm folds
Lac2020 folds
manggy94 raises 300 to 600
d00dz calls 300
*** FLOP *** [Kc 8c Ts]
manggy94 bets 720
d00dz calls 720
*** TURN *** [Kc 8c Ts][Kd]
manggy94 bets 1920
d00dz calls 1920
*** RIVER *** [Kc 8c Ts Kd][Tc]
manggy94 checks
d00dz bets 4480
manggy94 folds
d00dz collected 11200 from pot
*** SUMMARY ***
Total pot 11200 | No rake
Board: [Kc 8c Ts Kd Tc]
Seat 1: d00dz (big blind) won 11200


Winamax Poker - Tournament "Kill The Fish" buyIn: 4.50€ + 0.50€ level: 5 - HandId: #1353615396384538646-15-1577707420 - Holdem no limit (40/150/300) - 2019/12/30 12:03:40 UTC
Table: 'Kill The Fish(315163144)#021' 6-max (real money) Seat #6 is the button
Seat 1: d00dz (21890)
Seat 2: lecloch (46685)
Seat 3: CapSizun (52124)
Seat 4: Mikabm (986)
Seat 5: Lac2020 (19090)
Seat 6: manggy94 (19135)
*** ANTE/BLINDS ***
d00dz posts ante 40
lecloch posts ante 40
CapSizun posts ante 40
Mikabm posts ante 40
Lac2020 posts ante 40
manggy94 posts ante 40
d00dz posts small blind 150
lecloch posts big blind 300
Dealt to manggy94 [4s 9s]
*** PRE-FLOP *** 
CapSizun raises 450 to 750
Mikabm folds
Lac2020 folds
manggy94 folds
d00dz folds
lecloch folds
CapSizun collected 1440 from pot
*** SUMMARY ***
Total pot 1440 | No rake
Seat 3: CapSizun won 1440


Winamax Poker - Tournament "Kill The Fish" buyIn: 4.50€ + 0.50€ level: 5 - HandId: #1353615396384538646-16-1577707463 - Holdem no limit (40/150/300) - 2019/12/30 12:04:23 UTC
Table: 'Kill The Fish(315163144)#021' 6-max (real money) Seat #1 is the button
Seat 1: d00dz (21700)
Seat 2: lecloch (46345)
Seat 3: CapSizun (52774)
Seat 4: Mikabm (946)
Seat 5: Lac2020 (19050)
Seat 6: manggy94 (19095)
*** ANTE/BLINDS ***
lecloch posts ante 40
CapSizun posts ante 40
d00dz posts ante 40
Mikabm posts ante 40
Lac2020 posts ante 40
manggy94 posts ante 40
lecloch posts small blind 150
CapSizun posts big blind 300
Dealt to manggy94 [Ah 5d]
*** PRE-FLOP *** 
Mikabm folds
Lac2020 calls 300
manggy94 calls 300
d00dz folds
lecloch calls 150
CapSizun checks
*** FLOP *** [7c Qh Qc]
lecloch checks
CapSizun checks
Lac2020 checks
manggy94 checks
*** TURN *** [7c Qh Qc][2s]
lecloch checks
CapSizun checks
Lac2020 checks
manggy94 checks
*** RIVER *** [7c Qh Qc 2s][4h]
lecloch checks
CapSizun checks
Lac2020 checks
manggy94 checks
*** SHOW DOWN ***
lecloch shows [8c 5c] (One pair : Queens)
CapSizun shows [Ts 3s] (One pair : Queens)
manggy94 shows [Ah 5d] (One pair : Queens)
Lac2020 shows [2h Kh] (Two pairs : Queens and 2)
Lac2020 collected 1440 from pot
*** SUMMARY ***
Total pot 1440 | No rake
Board: [7c Qh Qc 2s 4h]
Seat 2: lecloch (small blind) showed [8c 5c] and lost with One pair : Queens
Seat 3: CapSizun (big blind) showed [Ts 3s] and lost with One pair : Queens
Seat 5: Lac2020 showed [2h Kh] and won 1440 with Two pairs : Queens and 2
Seat 6: manggy94 showed [Ah 5d] and lost with One pair : Queens


Winamax Poker - Tournament "Kill The Fish" buyIn: 4.50€ + 0.50€ level: 5 - HandId: #1353615396384538646-17-1577707539 - Holdem no limit (40/150/300) - 2019/12/30 12:05:39 UTC
Table: 'Kill The Fish(315163144)#021' 6-max (real money) Seat #2 is the button
Seat 1: d00dz (21660)
Seat 2: lecloch (46005)
Seat 3: CapSizun (52434)
Seat 4: Mikabm (906)
Seat 5: Lac2020 (20150)
Seat 6: manggy94 (18755)
*** ANTE/BLINDS ***
CapSizun posts ante 40
Mikabm posts ante 40
d00dz posts ante 40
lecloch posts ante 40
Lac2020 posts ante 40
manggy94 posts ante 40
CapSizun posts small blind 150
Mikabm posts big blind 300
Dealt to manggy94 [3h 4d]
*** PRE-FLOP *** 
Lac2020 raises 300 to 600
manggy94 folds
d00dz folds
lecloch calls 600
CapSizun calls 450
Mikabm raises 266 to 866 and is all-in
Lac2020 calls 266
lecloch calls 266
CapSizun calls 266
*** FLOP *** [4s 8c 8h]
CapSizun checks
Lac2020 bets 19244 and is all-in
lecloch folds
CapSizun folds
*** TURN *** [4s 8c 8h][2s]
*** RIVER *** [4s 8c 8h 2s][2d]
*** SHOW DOWN ***
Mikabm shows [4c Jd] (Two pairs : 8 and 4)
Lac2020 shows [4h As] (Two pairs : 8 and 4)
Lac2020 collected 22948 from pot
*** SUMMARY ***
Total pot 22948 | No rake
Board: [4s 8c 8h 2s 2d]
Seat 4: Mikabm (big blind) showed [4c Jd] and lost with Two pairs : 8 and 4
Seat 5: Lac2020 showed [4h As] and won 22948 with Two pairs : 8 and 4


Winamax Poker - Tournament "Kill The Fish" buyIn: 4.50€ + 0.50€ level: 6 - HandId: #1353615396384538646-18-1577707602 - Holdem no limit (50/200/400) - 2019/12/30 12:06:42 UTC
Table: 'Kill The Fish(315163144)#021' 6-max (real money) Seat #3 is the button
Seat 1: d00dz (21620)
Seat 2: lecloch (45099)
Seat 3: CapSizun (51528)
Seat 5: Lac2020 (22948)
Seat 6: manggy94 (18715)
*** ANTE/BLINDS ***
Lac2020 posts ante 50
d00dz posts ante 50
lecloch posts ante 50
CapSizun posts ante 50
manggy94 posts ante 50
Lac2020 posts big blind 400
Dealt to manggy94 [2s 3s]
*** PRE-FLOP *** 
manggy94 calls 400
d00dz folds
lecloch folds
CapSizun raises 600 to 1000
Lac2020 raises 21898 to 22898 and is all-in
manggy94 folds
CapSizun folds
Lac2020 collected 24548 from pot
*** SUMMARY ***
Total pot 24548 | No rake
Seat 5: Lac2020 (big blind) won 24548


Winamax Poker - Tournament "Kill The Fish" buyIn: 4.50€ + 0.50€ level: 6 - HandId: #1353615396384538646-19-1577707625 - Holdem no limit (50/200/400) - 2019/12/30 12:07:05 UTC
Table: 'Kill The Fish(315163144)#021' 6-max (real money) Seat #4 is the button
Seat 1: d00dz (21570)
Seat 2: lecloch (45049)
Seat 3: CapSizun (50478)
Seat 4: WSP Leon (20000)
Seat 5: Lac2020 (24548)
Seat 6: manggy94 (18265)
*** ANTE/BLINDS ***
Lac2020 posts ante 50
manggy94 posts ante 50
d00dz posts ante 50
lecloch posts ante 50
CapSizun posts ante 50
Lac2020 posts small blind 200
manggy94 posts big blind 400
Dealt to manggy94 [7d Kh]
*** PRE-FLOP *** 
d00dz folds
lecloch folds
CapSizun raises 600 to 1000
Lac2020 calls 800
manggy94 folds
*** FLOP *** [Ah 7s Ac]
Lac2020 checks
CapSizun checks
*** TURN *** [Ah 7s Ac][Jd]
Lac2020 checks
CapSizun bets 1767
Lac2020 folds
CapSizun collected 4417 from pot
*** SUMMARY ***
Total pot 4417 | No rake
Board: [Ah 7s Ac Jd]
Seat 3: CapSizun won 4417


Winamax Poker - Tournament "Kill The Fish" buyIn: 4.50€ + 0.50€ level: 6 - HandId: #1353615396384538646-20-1577707677 - Holdem no limit (50/200/400) - 2019/12/30 12:07:57 UTC
Table: 'Kill The Fish(315163144)#021' 6-max (real money) Seat #5 is the button
Seat 1: d00dz (21520)
Seat 2: lecloch (44999)
Seat 3: CapSizun (52078)
Seat 4: WSP Leon (20000)
Seat 5: Lac2020 (23498)
Seat 6: manggy94 (17815)
*** ANTE/BLINDS ***
manggy94 posts ante 50
d00dz posts ante 50
lecloch posts ante 50
CapSizun posts ante 50
WSP Leon posts ante 50
Lac2020 posts ante 50
manggy94 posts small blind 200
d00dz posts big blind 400
Dealt to manggy94 [5h Qd]
*** PRE-FLOP *** 
lecloch folds
CapSizun calls 400
WSP Leon calls 400
Lac2020 folds
manggy94 calls 200
d00dz checks
*** FLOP *** [2d 6c Jh]
manggy94 bets 1900
d00dz folds
CapSizun folds
WSP Leon calls 1900
*** TURN *** [2d 6c Jh][4d]
manggy94 bets 2600
WSP Leon raises 4400 to 7000
manggy94 folds
WSP Leon collected 15300 from pot
*** SUMMARY ***
Total pot 15300 | No rake
Board: [2d 6c Jh 4d]
Seat 4: WSP Leon won 15300


Winamax Poker - Tournament "Kill The Fish" buyIn: 4.50€ + 0.50€ level: 6 - HandId: #1353615396384538646-21-1577707766 - Holdem no limit (50/200/400) - 2019/12/30 12:09:26 UTC
Table: 'Kill The Fish(315163144)#021' 6-max (real money) Seat #6 is the button
Seat 1: d00dz (21070)
Seat 2: lecloch (44949)
Seat 3: CapSizun (51628)
Seat 4: WSP Leon (25950)
Seat 5: Lac2020 (23448)
Seat 6: manggy94 (12865)
*** ANTE/BLINDS ***
d00dz posts ante 50
lecloch posts ante 50
CapSizun posts ante 50
WSP Leon posts ante 50
Lac2020 posts ante 50
manggy94 posts ante 50
d00dz posts small blind 200
lecloch posts big blind 400
Dealt to manggy94 [5c Ts]
*** PRE-FLOP *** 
CapSizun raises 400 to 800
WSP Leon folds
Lac2020 folds
manggy94 folds
d00dz folds
lecloch folds
CapSizun collected 1700 from pot
*** SUMMARY ***
Total pot 1700 | No rake
Seat 3: CapSizun won 1700


Winamax Poker - Tournament "Kill The Fish" buyIn: 4.50€ + 0.50€ level: 6 - HandId: #1353615396384538646-22-1577707785 - Holdem no limit (50/200/400) - 2019/12/30 12:09:45 UTC
Table: 'Kill The Fish(315163144)#021' 6-max (real money) Seat #1 is the button
Seat 1: d00dz (20820)
Seat 2: lecloch (44499)
Seat 3: CapSizun (52478)
Seat 4: WSP Leon (25900)
Seat 5: Lac2020 (23398)
Seat 6: manggy94 (12815)
*** ANTE/BLINDS ***
lecloch posts ante 50
CapSizun posts ante 50
d00dz posts ante 50
WSP Leon posts ante 50
Lac2020 posts ante 50
manggy94 posts ante 50
lecloch posts small blind 200
CapSizun posts big blind 400
Dealt to manggy94 [6c 9d]
*** PRE-FLOP *** 
WSP Leon folds
Lac2020 calls 400
manggy94 folds
d00dz folds
lecloch raises 1444 to 1844
CapSizun calls 1444
Lac2020 calls 1444
*** FLOP *** [As 3c Ah]
lecloch checks
CapSizun checks
Lac2020 checks
*** TURN *** [As 3c Ah][3h]
lecloch checks
CapSizun checks
Lac2020 checks
*** RIVER *** [As 3c Ah 3h][5c]
lecloch bets 3888
CapSizun folds
Lac2020 raises 3888 to 7776
lecloch raises 6804 to 14580
Lac2020 folds
lecloch collected 28188 from pot
*** SUMMARY ***
Total pot 28188 | No rake
Board: [As 3c Ah 3h 5c]
Seat 2: lecloch (small blind) won 28188


Winamax Poker - Tournament "Kill The Fish" buyIn: 4.50€ + 0.50€ level: 6 - HandId: #1353615396384538646-23-1577707887 - Holdem no limit (50/200/400) - 2019/12/30 12:11:27 UTC
Table: 'Kill The Fish(315163144)#021' 6-max (real money) Seat #2 is the button
Seat 1: d00dz (20770)
Seat 2: lecloch (56213)
Seat 3: CapSizun (50584)
Seat 4: WSP Leon (25850)
Seat 5: Lac2020 (13728)
Seat 6: manggy94 (12765)
*** ANTE/BLINDS ***
CapSizun posts ante 50
WSP Leon posts ante 50
d00dz posts ante 50
lecloch posts ante 50
Lac2020 posts ante 50
manggy94 posts ante 50
CapSizun posts small blind 200
WSP Leon posts big blind 400
Dealt to manggy94 [7s 2c]
*** PRE-FLOP *** 
Lac2020 calls 400
manggy94 folds
d00dz folds
lecloch folds
CapSizun calls 200
WSP Leon checks
*** FLOP *** [Qs 5d 8s]
CapSizun checks
WSP Leon checks
Lac2020 checks
*** TURN *** [Qs 5d 8s][Kc]
CapSizun checks
WSP Leon checks
Lac2020 bets 1500
CapSizun folds
WSP Leon folds
Lac2020 collected 3000 from pot
*** SUMMARY ***
Total pot 3000 | No rake
Board: [Qs 5d 8s Kc]
Seat 5: Lac2020 won 3000


Winamax Poker - Tournament "Kill The Fish" buyIn: 4.50€ + 0.50€ level: 7 - HandId: #1353615396384538646-24-1577707968 - Holdem no limit (60/250/500) - 2019/12/30 12:12:48 UTC
Table: 'Kill The Fish(315163144)#021' 6-max (real money) Seat #3 is the button
Seat 1: d00dz (20720)
Seat 2: lecloch (56163)
Seat 3: CapSizun (50134)
Seat 4: WSP Leon (25400)
Seat 5: Lac2020 (14778)
Seat 6: manggy94 (12715)
*** ANTE/BLINDS ***
WSP Leon posts ante 60
Lac2020 posts ante 60
d00dz posts ante 60
lecloch posts ante 60
CapSizun posts ante 60
manggy94 posts ante 60
WSP Leon posts small blind 250
Lac2020 posts big blind 500
Dealt to manggy94 [Th 7c]
*** PRE-FLOP *** 
manggy94 folds
d00dz raises 600 to 1100
lecloch folds
CapSizun calls 1100
WSP Leon calls 850
Lac2020 calls 600
*** FLOP *** [Ad 5h 3s]
WSP Leon checks
Lac2020 checks
d00dz checks
CapSizun checks
*** TURN *** [Ad 5h 3s][7d]
WSP Leon checks
Lac2020 bets 500
d00dz folds
CapSizun calls 500
WSP Leon calls 500
*** RIVER *** [Ad 5h 3s 7d][Kh]
WSP Leon checks
Lac2020 bets 500
CapSizun calls 500
WSP Leon folds
*** SHOW DOWN ***
Lac2020 shows [8h 5c] (One pair : 5)
CapSizun shows [Kc Qd] (One pair : Kings)
CapSizun collected 7260 from pot
*** SUMMARY ***
Total pot 7260 | No rake
Board: [Ad 5h 3s 7d Kh]
Seat 3: CapSizun (button) showed [Kc Qd] and won 7260 with One pair : Kings
Seat 5: Lac2020 (big blind) showed [8h 5c] and lost with One pair : 5


Winamax Poker - Tournament "Kill The Fish" buyIn: 4.50€ + 0.50€ level: 7 - HandId: #1353615396384538646-25-1577708075 - Holdem no limit (60/250/500) - 2019/12/30 12:14:35 UTC
Table: 'Kill The Fish(315163144)#021' 6-max (real money) Seat #4 is the button
Seat 1: d00dz (19560)
Seat 2: lecloch (56103)
Seat 3: CapSizun (55234)
Seat 4: WSP Leon (23740)
Seat 5: Lac2020 (12618)
Seat 6: manggy94 (12655)
*** ANTE/BLINDS ***
Lac2020 posts ante 60
manggy94 posts ante 60
d00dz posts ante 60
lecloch posts ante 60
CapSizun posts ante 60
WSP Leon posts ante 60
Lac2020 posts small blind 250
manggy94 posts big blind 500
Dealt to manggy94 [3c 8d]
*** PRE-FLOP *** 
d00dz folds
lecloch folds
CapSizun calls 500
WSP Leon folds
Lac2020 folds
manggy94 checks
*** FLOP *** [6s 2h 5h]
manggy94 checks
CapSizun checks
*** TURN *** [6s 2h 5h][Td]
manggy94 checks
CapSizun bets 805
manggy94 folds
CapSizun collected 2415 from pot
*** SUMMARY ***
Total pot 2415 | No rake
Board: [6s 2h 5h Td]
Seat 3: CapSizun won 2415


Winamax Poker - Tournament "Kill The Fish" buyIn: 4.50€ + 0.50€ level: 7 - HandId: #1353615396384538646-26-1577708153 - Holdem no limit (60/250/500) - 2019/12/30 12:15:53 UTC
Table: 'Kill The Fish(315163144)#021' 6-max (real money) Seat #5 is the button
Seat 1: d00dz (19500)
Seat 2: lecloch (56043)
Seat 3: CapSizun (56284)
Seat 4: WSP Leon (23680)
Seat 5: Lac2020 (12308)
Seat 6: manggy94 (12095)
*** ANTE/BLINDS ***
manggy94 posts ante 60
d00dz posts ante 60
lecloch posts ante 60
CapSizun posts ante 60
WSP Leon posts ante 60
Lac2020 posts ante 60
manggy94 posts small blind 250
d00dz posts big blind 500
Dealt to manggy94 [Ah 6d]
*** PRE-FLOP *** 
lecloch folds
CapSizun folds
WSP Leon folds
Lac2020 raises 500 to 1000
manggy94 folds
d00dz calls 500
*** FLOP *** [2c 4c 2h]
d00dz checks
Lac2020 checks
*** TURN *** [2c 4c 2h][Th]
d00dz bets 1305
Lac2020 calls 1305
*** RIVER *** [2c 4c 2h Th][Kc]
d00dz bets 3480
Lac2020 folds
d00dz collected 8700 from pot
*** SUMMARY ***
Total pot 8700 | No rake
Board: [2c 4c 2h Th Kc]
Seat 1: d00dz (big blind) won 8700


Winamax Poker - Tournament "Kill The Fish" buyIn: 4.50€ + 0.50€ level: 7 - HandId: #1353615396384538646-27-1577708219 - Holdem no limit (60/250/500) - 2019/12/30 12:16:59 UTC
Table: 'Kill The Fish(315163144)#021' 6-max (real money) Seat #6 is the button
Seat 1: d00dz (22355)
Seat 2: lecloch (55983)
Seat 3: CapSizun (56224)
Seat 4: WSP Leon (23620)
Seat 5: Lac2020 (9943)
Seat 6: manggy94 (11785)
*** ANTE/BLINDS ***
d00dz posts ante 60
lecloch posts ante 60
CapSizun posts ante 60
WSP Leon posts ante 60
Lac2020 posts ante 60
manggy94 posts ante 60
d00dz posts small blind 250
lecloch posts big blind 500
Dealt to manggy94 [8s 4h]
*** PRE-FLOP *** 
CapSizun raises 500 to 1000
WSP Leon folds
Lac2020 folds
manggy94 folds
d00dz calls 750
lecloch calls 500
*** FLOP *** [5h 3h Qd]
d00dz checks
lecloch checks
CapSizun bets 2240
d00dz folds
lecloch folds
CapSizun collected 5600 from pot
*** SUMMARY ***
Total pot 5600 | No rake
Board: [5h 3h Qd]
Seat 3: CapSizun won 5600


Winamax Poker - Tournament "Kill The Fish" buyIn: 4.50€ + 0.50€ level: 7 - HandId: #1353615396384538646-28-1577708265 - Holdem no limit (60/250/500) - 2019/12/30 12:17:45 UTC
Table: 'Kill The Fish(315163144)#021' 6-max (real money) Seat #1 is the button
Seat 1: d00dz (21295)
Seat 2: lecloch (54923)
Seat 3: CapSizun (58524)
Seat 5: Lac2020 (9883)
Seat 6: manggy94 (11725)
*** ANTE/BLINDS ***
lecloch posts ante 60
CapSizun posts ante 60
d00dz posts ante 60
Lac2020 posts ante 60
manggy94 posts ante 60
lecloch posts small blind 250
CapSizun posts big blind 500
Dealt to manggy94 [6s Jc]
*** PRE-FLOP *** 
Lac2020 folds
manggy94 folds
d00dz folds
lecloch folds
CapSizun collected 1050 from pot
*** SUMMARY ***
Total pot 1050 | No rake
Seat 3: CapSizun (big blind) won 1050


Winamax Poker - Tournament "Kill The Fish" buyIn: 4.50€ + 0.50€ level: 8 - HandId: #1353615396384538646-29-1577708309 - Holdem no limit (80/300/600) - 2019/12/30 12:18:29 UTC
Table: 'Kill The Fish(315163144)#021' 6-max (real money) Seat #2 is the button
Seat 1: d00dz (21235)
Seat 2: lecloch (54613)
Seat 3: CapSizun (59014)
Seat 4: jaouse31 (20000)
Seat 5: Lac2020 (9823)
Seat 6: manggy94 (11665)
*** ANTE/BLINDS ***
CapSizun posts ante 80
jaouse31 posts ante 80
d00dz posts ante 80
lecloch posts ante 80
Lac2020 posts ante 80
manggy94 posts ante 80
CapSizun posts small blind 300
jaouse31 posts big blind 600
Dealt to manggy94 [5c Ah]
*** PRE-FLOP *** 
Lac2020 folds
manggy94 calls 600
d00dz folds
lecloch calls 600
CapSizun raises 2880 to 3480
jaouse31 folds
manggy94 folds
lecloch folds
CapSizun collected 5760 from pot
*** SUMMARY ***
Total pot 5760 | No rake
Seat 3: CapSizun (small blind) won 5760


Winamax Poker - Tournament "Kill The Fish" buyIn: 4.50€ + 0.50€ level: 8 - HandId: #1353615396384538646-30-1577708370 - Holdem no limit (80/300/600) - 2019/12/30 12:19:30 UTC
Table: 'Kill The Fish(315163144)#021' 6-max (real money) Seat #3 is the button
Seat 1: d00dz (21155)
Seat 2: lecloch (53933)
Seat 3: CapSizun (61214)
Seat 4: jaouse31 (19320)
Seat 5: Lac2020 (9743)
Seat 6: manggy94 (10985)
*** ANTE/BLINDS ***
jaouse31 posts ante 80
Lac2020 posts ante 80
d00dz posts ante 80
lecloch posts ante 80
CapSizun posts ante 80
manggy94 posts ante 80
jaouse31 posts small blind 300
Lac2020 posts big blind 600
Dealt to manggy94 [Ks Ts]
*** PRE-FLOP *** 
manggy94 raises 1200 to 1800
d00dz folds
lecloch folds
CapSizun calls 1800
jaouse31 folds
Lac2020 raises 7863 to 9663 and is all-in
manggy94 calls 7863
CapSizun raises 7863 to 17526
manggy94 calls 1242 and is all-in
*** FLOP *** [2c As Js]
*** TURN *** [2c As Js][Ad]
*** RIVER *** [2c As Js Ad][7h]
*** SHOW DOWN ***
CapSizun shows [Kd 6s] (One pair : Aces)
Lac2020 shows [Qs Jc] (Two pairs : Aces and Jacks)
manggy94 shows [Ks Ts] (One pair : Aces)
manggy94 collected 2484 from side pot 1
Lac2020 collected 29769 from main pot
CapSizun collected 6621 from side pot 2
*** SUMMARY ***
Total pot 38874 | No rake
Board: [2c As Js Ad 7h]
Seat 3: CapSizun (button) showed [Kd 6s] and won 6621 with One pair : Aces
Seat 5: Lac2020 (big blind) showed [Qs Jc] and won 29769 with Two pairs : Aces and Jacks
Seat 6: manggy94 showed [Ks Ts] and won 2484 with One pair : Aces


Winamax Poker - Tournament "Kill The Fish" buyIn: 4.50€ + 0.50€ level: 8 - HandId: #1353615396384538646-31-1577708425 - Holdem no limit (80/300/600) - 2019/12/30 12:20:25 UTC
Table: 'Kill The Fish(315163144)#021' 6-max (real money) Seat #4 is the button
Seat 1: d00dz (21075)
Seat 2: lecloch (53853)
Seat 3: CapSizun (50229)
Seat 4: jaouse31 (18940)
Seat 5: Lac2020 (29769)
Seat 6: manggy94 (2484)
*** ANTE/BLINDS ***
Lac2020 posts ante 80
manggy94 posts ante 80
d00dz posts ante 80
lecloch posts ante 80
CapSizun posts ante 80
jaouse31 posts ante 80
Lac2020 posts small blind 300
manggy94 posts big blind 600
Dealt to manggy94 [Ad Ah]
*** PRE-FLOP *** 
d00dz folds
lecloch folds
CapSizun raises 1800 to 2400
jaouse31 calls 2400
Lac2020 calls 2100
manggy94 raises 4 to 2404 and is all-in
CapSizun calls 4
jaouse31 calls 4
Lac2020 calls 4
*** FLOP *** [3c 8c 6s]
Lac2020 bets 27285 and is all-in
CapSizun raises 20460 to 47745 and is all-in
jaouse31 folds
*** TURN *** [3c 8c 6s][Th]
*** RIVER *** [3c 8c 6s Th][4d]
*** SHOW DOWN ***
CapSizun shows [Ac 4c] (One pair : 4)
Lac2020 shows [Jd 8d] (One pair : 8)
manggy94 shows [Ad Ah] (One pair : Aces)
manggy94 collected 10096 from main pot
Lac2020 collected 54570 from side pot 1
CapSizun collected 20460 from side pot 2
*** SUMMARY ***
Total pot 85126 | No rake
Board: [3c 8c 6s Th 4d]
Seat 3: CapSizun showed [Ac 4c] and won 20460 with One pair : 4
Seat 5: Lac2020 (small blind) showed [Jd 8d] and won 54570 with One pair : 8
Seat 6: manggy94 (big blind) showed [Ad Ah] and won 10096 with One pair : Aces


Winamax Poker - Tournament "Kill The Fish" buyIn: 4.50€ + 0.50€ level: 8 - HandId: #1353615396384538646-32-1577708473 - Holdem no limit (80/300/600) - 2019/12/30 12:21:13 UTC
Table: 'Kill The Fish(315163144)#021' 6-max (real money) Seat #5 is the button
Seat 1: d00dz (20995)
Seat 2: lecloch (53773)
Seat 3: CapSizun (20460)
Seat 4: jaouse31 (16456)
Seat 5: Lac2020 (54570)
Seat 6: manggy94 (10096)
*** ANTE/BLINDS ***
manggy94 posts ante 80
d00dz posts ante 80
lecloch posts ante 80
CapSizun posts ante 80
jaouse31 posts ante 80
Lac2020 posts ante 80
manggy94 posts small blind 300
d00dz posts big blind 600
Dealt to manggy94 [Ad 9c]
*** PRE-FLOP *** 
lecloch folds
CapSizun raises 600 to 1200
jaouse31 folds
Lac2020 calls 1200
manggy94 raises 8816 to 10016 and is all-in
d00dz folds
CapSizun raises 10364 to 20380 and is all-in
Lac2020 folds
*** FLOP *** [5s Qd 5d]
*** TURN *** [5s Qd 5d][3d]
*** RIVER *** [5s Qd 5d 3d][Kc]
*** SHOW DOWN ***
CapSizun shows [Td 9h] (One pair : 5)
manggy94 shows [Ad 9c] (One pair : 5)
manggy94 collected 22312 from main pot
CapSizun collected 10364 from side pot 1
*** SUMMARY ***
Total pot 32676 | No rake
Board: [5s Qd 5d 3d Kc]
Seat 3: CapSizun showed [Td 9h] and won 10364 with One pair : 5
Seat 6: manggy94 (small blind) showed [Ad 9c] and won 22312 with One pair : 5


Winamax Poker - Tournament "Kill The Fish" buyIn: 4.50€ + 0.50€ level: 8 - HandId: #1353615396384538646-33-1577708520 - Holdem no limit (80/300/600) - 2019/12/30 12:22:00 UTC
Table: 'Kill The Fish(315163144)#021' 6-max (real money) Seat #6 is the button
Seat 1: d00dz (20315)
Seat 2: lecloch (53693)
Seat 3: CapSizun (10364)
Seat 4: jaouse31 (16376)
Seat 5: Lac2020 (53290)
Seat 6: manggy94 (22312)
*** ANTE/BLINDS ***
d00dz posts ante 80
lecloch posts ante 80
CapSizun posts ante 80
jaouse31 posts ante 80
Lac2020 posts ante 80
manggy94 posts ante 80
d00dz posts small blind 300
lecloch posts big blind 600
Dealt to manggy94 [8c Ah]
*** PRE-FLOP *** 
CapSizun folds
jaouse31 raises 900 to 1500
Lac2020 calls 1500
manggy94 calls 1500
d00dz folds
lecloch calls 900
*** FLOP *** [Tc Qs 6s]
lecloch checks
jaouse31 bets 3390
Lac2020 folds
manggy94 folds
lecloch folds
jaouse31 collected 10170 from pot
*** SUMMARY ***
Total pot 10170 | No rake
Board: [Tc Qs 6s]
Seat 4: jaouse31 won 10170


Winamax Poker - Tournament "Kill The Fish" buyIn: 4.50€ + 0.50€ level: 8 - HandId: #1353615396384538646-34-1577708564 - Holdem no limit (80/300/600) - 2019/12/30 12:22:44 UTC
Table: 'Kill The Fish(315163144)#021' 6-max (real money) Seat #1 is the button
Seat 1: d00dz (19935)
Seat 2: lecloch (52113)
Seat 3: CapSizun (10284)
Seat 4: jaouse31 (21576)
Seat 5: Lac2020 (51710)
Seat 6: manggy94 (20732)
*** ANTE/BLINDS ***
lecloch posts ante 80
CapSizun posts ante 80
d00dz posts ante 80
jaouse31 posts ante 80
Lac2020 posts ante 80
manggy94 posts ante 80
lecloch posts small blind 300
CapSizun posts big blind 600
Dealt to manggy94 [Ad 9h]
*** PRE-FLOP *** 
jaouse31 raises 900 to 1500
Lac2020 calls 1500
manggy94 raises 1500 to 3000
d00dz folds
lecloch folds
CapSizun calls 2400
jaouse31 raises 18496 to 21496 and is all-in
Lac2020 folds
manggy94 folds
CapSizun calls 7204 and is all-in
*** FLOP *** [7h Ac 8h]
*** TURN *** [7h Ac 8h][2h]
*** RIVER *** [7h Ac 8h 2h][Td]
*** SHOW DOWN ***
CapSizun shows [Qc 3c] (High card : Ace)
jaouse31 shows [Js Jh] (One pair : Jacks)
jaouse31 collected 36980 from pot
*** SUMMARY ***
Total pot 36980 | No rake
Board: [7h Ac 8h 2h Td]
Seat 3: CapSizun (big blind) showed [Qc 3c] and lost with High card : Ace
Seat 4: jaouse31 showed [Js Jh] and won 36980 with One pair : Jacks


Winamax Poker - Tournament "Kill The Fish" buyIn: 4.50€ + 0.50€ level: 8 - HandId: #1353615396384538646-35-1577708612 - Holdem no limit (80/300/600) - 2019/12/30 12:23:32 UTC
Table: 'Kill The Fish(315163144)#021' 6-max (real money) Seat #2 is the button
Seat 1: d00dz (19855)
Seat 2: lecloch (51733)
Seat 4: jaouse31 (36980)
Seat 5: Lac2020 (50130)
Seat 6: manggy94 (17652)
*** ANTE/BLINDS ***
jaouse31 posts ante 80
d00dz posts ante 80
lecloch posts ante 80
Lac2020 posts ante 80
manggy94 posts ante 80
jaouse31 posts big blind 600
Dealt to manggy94 [8c Kh]
*** PRE-FLOP *** 
Lac2020 folds
manggy94 folds
d00dz folds
lecloch folds
jaouse31 collected 1000 from pot
*** SUMMARY ***
Total pot 1000 | No rake
Seat 4: jaouse31 (big blind) won 1000


Winamax Poker - Tournament "Kill The Fish" buyIn: 4.50€ + 0.50€ level: 8 - HandId: #1353615396384538646-36-1577708631 - Holdem no limit (80/300/600) - 2019/12/30 12:23:51 UTC
Table: 'Kill The Fish(315163144)#021' 6-max (real money) Seat #3 is the button
Seat 1: d00dz (19775)
Seat 2: lecloch (51653)
Seat 4: jaouse31 (37300)
Seat 5: Lac2020 (50050)
Seat 6: manggy94 (17572)
*** ANTE/BLINDS ***
jaouse31 posts ante 80
Lac2020 posts ante 80
d00dz posts ante 80
lecloch posts ante 80
manggy94 posts ante 80
jaouse31 posts small blind 300
Lac2020 posts big blind 600
Dealt to manggy94 [Ah 3s]
*** PRE-FLOP *** 
manggy94 folds
d00dz folds
lecloch raises 750 to 1350
jaouse31 calls 1050
Lac2020 calls 750
*** FLOP *** [Ts Jh 7s]
jaouse31 checks
Lac2020 checks
lecloch checks
*** TURN *** [Ts Jh 7s][4s]
jaouse31 bets 2225
Lac2020 calls 2225
lecloch folds
*** RIVER *** [Ts Jh 7s 4s][8d]
jaouse31 checks
Lac2020 bets 4450
jaouse31 calls 4450
*** SHOW DOWN ***
Lac2020 shows [7c 5s] (One pair : 7)
jaouse31 shows [Jd Jc] (Trips of Jacks)
jaouse31 collected 17800 from pot
*** SUMMARY ***
Total pot 17800 | No rake
Board: [Ts Jh 7s 4s 8d]
Seat 4: jaouse31 (small blind) showed [Jd Jc] and won 17800 with Trips of Jacks
Seat 5: Lac2020 (big blind) showed [7c 5s] and lost with One pair : 7


Winamax Poker - Tournament "Kill The Fish" buyIn: 4.50€ + 0.50€ level: 9 - HandId: #1353615396384538646-37-1577708701 - Holdem no limit (100/400/800) - 2019/12/30 12:25:01 UTC
Table: 'Kill The Fish(315163144)#021' 6-max (real money) Seat #4 is the button
Seat 1: d00dz (19695)
Seat 2: lecloch (50223)
Seat 3: Kheatakaaar (20000)
Seat 4: jaouse31 (46995)
Seat 5: Lac2020 (41945)
Seat 6: manggy94 (17492)
*** ANTE/BLINDS ***
Lac2020 posts ante 100
manggy94 posts ante 100
d00dz posts ante 100
lecloch posts ante 100
Kheatakaaar posts ante 100
jaouse31 posts ante 100
Lac2020 posts small blind 400
manggy94 posts big blind 800
Dealt to manggy94 [Qs 9h]
*** PRE-FLOP *** 
d00dz folds
lecloch folds
Kheatakaaar folds
jaouse31 raises 1200 to 2000
Lac2020 calls 1600
manggy94 calls 1200
*** FLOP *** [9s Ks Kh]
Lac2020 checks
manggy94 bets 15392 and is all-in
jaouse31 folds
Lac2020 folds
manggy94 collected 21992 from pot
*** SUMMARY ***
Total pot 21992 | No rake
Board: [9s Ks Kh]
Seat 6: manggy94 (big blind) won 21992


Winamax Poker - Tournament "Kill The Fish" buyIn: 4.50€ + 0.50€ level: 9 - HandId: #1353615396384538646-38-1577708748 - Holdem no limit (100/400/800) - 2019/12/30 12:25:48 UTC
Table: 'Kill The Fish(315163144)#021' 6-max (real money) Seat #5 is the button
Seat 1: d00dz (19595)
Seat 2: lecloch (50123)
Seat 3: Kheatakaaar (19900)
Seat 4: jaouse31 (44895)
Seat 5: Lac2020 (39845)
Seat 6: manggy94 (21992)
*** ANTE/BLINDS ***
manggy94 posts ante 100
d00dz posts ante 100
lecloch posts ante 100
Kheatakaaar posts ante 100
jaouse31 posts ante 100
Lac2020 posts ante 100
manggy94 posts small blind 400
d00dz posts big blind 800
Dealt to manggy94 [Ac 5s]
*** PRE-FLOP *** 
lecloch folds
Kheatakaaar raises 800 to 1600
jaouse31 folds
Lac2020 folds
manggy94 folds
d00dz raises 3200 to 4800
Kheatakaaar calls 3200
*** FLOP *** [As 8s 3d]
d00dz checks
Kheatakaaar bets 5300
d00dz raises 9395 to 14695 and is all-in
Kheatakaaar calls 9395
*** TURN *** [As 8s 3d][4c]
*** RIVER *** [As 8s 3d 4c][9d]
*** SHOW DOWN ***
d00dz shows [Qs Qc] (One pair : Queens)
Kheatakaaar shows [3h 3c] (Trips of 3)
Kheatakaaar collected 39990 from pot
*** SUMMARY ***
Total pot 39990 | No rake
Board: [As 8s 3d 4c 9d]
Seat 1: d00dz (big blind) showed [Qs Qc] and lost with One pair : Queens
Seat 3: Kheatakaaar showed [3h 3c] and won 39990 with Trips of 3


Winamax Poker - Tournament "Kill The Fish" buyIn: 4.50€ + 0.50€ level: 9 - HandId: #1353615396384538646-39-1577708818 - Holdem no limit (100/400/800) - 2019/12/30 12:26:58 UTC
Table: 'Kill The Fish(315163144)#021' 6-max (real money) Seat #6 is the button
Seat 2: lecloch (50023)
Seat 3: Kheatakaaar (40295)
Seat 4: jaouse31 (44795)
Seat 5: Lac2020 (39745)
Seat 6: manggy94 (21492)
*** ANTE/BLINDS ***
lecloch posts ante 100
Kheatakaaar posts ante 100
jaouse31 posts ante 100
Lac2020 posts ante 100
manggy94 posts ante 100
lecloch posts big blind 800
Dealt to manggy94 [Kd 3h]
*** PRE-FLOP *** 
Kheatakaaar folds
jaouse31 folds
Lac2020 folds
manggy94 calls 800
lecloch checks
*** FLOP *** [8s 9s Kh]
lecloch checks
manggy94 bets 1050
lecloch folds
manggy94 collected 3150 from pot
*** SUMMARY ***
Total pot 3150 | No rake
Board: [8s 9s Kh]
Seat 6: manggy94 (button) won 3150


Winamax Poker - Tournament "Kill The Fish" buyIn: 4.50€ + 0.50€ level: 9 - HandId: #1353615396384538646-40-1577708861 - Holdem no limit (100/400/800) - 2019/12/30 12:27:41 UTC
Table: 'Kill The Fish(315163144)#021' 6-max (real money) Seat #1 is the button
Seat 1: BROoK_-_linE (20000)
Seat 2: lecloch (49123)
Seat 3: Kheatakaaar (40195)
Seat 4: jaouse31 (44695)
Seat 5: Lac2020 (39645)
Seat 6: manggy94 (22692)
*** ANTE/BLINDS ***
lecloch posts ante 100
Kheatakaaar posts ante 100
jaouse31 posts ante 100
Lac2020 posts ante 100
manggy94 posts ante 100
lecloch posts small blind 400
Kheatakaaar posts big blind 800
Dealt to manggy94 [4h Jc]
*** PRE-FLOP *** 
jaouse31 folds
Lac2020 folds
manggy94 folds
lecloch folds
Kheatakaaar collected 1700 from pot
*** SUMMARY ***
Total pot 1700 | No rake
Seat 3: Kheatakaaar (big blind) won 1700


Winamax Poker - Tournament "Kill The Fish" buyIn: 4.50€ + 0.50€ level: 9 - HandId: #1353615396384538646-41-1577708895 - Holdem no limit (100/400/800) - 2019/12/30 12:28:15 UTC
Table: 'Kill The Fish(315163144)#021' 6-max (real money) Seat #2 is the button
Seat 1: BROoK_-_linE (20000)
Seat 2: lecloch (48623)
Seat 3: Kheatakaaar (40995)
Seat 4: jaouse31 (44595)
Seat 5: Lac2020 (39545)
Seat 6: manggy94 (22592)
*** ANTE/BLINDS ***
Kheatakaaar posts ante 100
jaouse31 posts ante 100
BROoK_-_linE posts ante 100
lecloch posts ante 100
Lac2020 posts ante 100
manggy94 posts ante 100
Kheatakaaar posts small blind 400
jaouse31 posts big blind 800
Dealt to manggy94 [4d 3c]
*** PRE-FLOP *** 
Lac2020 folds
manggy94 folds
BROoK_-_linE folds
lecloch folds
Kheatakaaar folds
jaouse31 collected 1800 from pot
*** SUMMARY ***
Total pot 1800 | No rake
Seat 4: jaouse31 (big blind) won 1800


Winamax Poker - Tournament "Kill The Fish" buyIn: 4.50€ + 0.50€ level: 9 - HandId: #1353615396384538646-42-1577708915 - Holdem no limit (100/400/800) - 2019/12/30 12:28:35 UTC
Table: 'Kill The Fish(315163144)#021' 6-max (real money) Seat #3 is the button
Seat 1: BROoK_-_linE (19900)
Seat 2: lecloch (48523)
Seat 3: Kheatakaaar (40495)
Seat 4: jaouse31 (45495)
Seat 5: Lac2020 (39445)
Seat 6: manggy94 (22492)
*** ANTE/BLINDS ***
jaouse31 posts ante 100
Lac2020 posts ante 100
BROoK_-_linE posts ante 100
lecloch posts ante 100
Kheatakaaar posts ante 100
manggy94 posts ante 100
jaouse31 posts small blind 400
Lac2020 posts big blind 800
Dealt to manggy94 [Qh 2c]
*** PRE-FLOP *** 
manggy94 folds
BROoK_-_linE folds
lecloch raises 1000 to 1800
Kheatakaaar folds
jaouse31 folds
Lac2020 folds
lecloch collected 3600 from pot
*** SUMMARY ***
Total pot 3600 | No rake
Seat 2: lecloch won 3600


Winamax Poker - Tournament "Kill The Fish" buyIn: 4.50€ + 0.50€ level: 9 - HandId: #1353615396384538646-43-1577708941 - Holdem no limit (100/400/800) - 2019/12/30 12:29:01 UTC
Table: 'Kill The Fish(315163144)#021' 6-max (real money) Seat #4 is the button
Seat 1: BROoK_-_linE (19800)
Seat 2: lecloch (50223)
Seat 3: Kheatakaaar (40395)
Seat 4: jaouse31 (44995)
Seat 5: Lac2020 (38545)
Seat 6: manggy94 (22392)
*** ANTE/BLINDS ***
Lac2020 posts ante 100
manggy94 posts ante 100
BROoK_-_linE posts ante 100
lecloch posts ante 100
Kheatakaaar posts ante 100
jaouse31 posts ante 100
Lac2020 posts small blind 400
manggy94 posts big blind 800
Dealt to manggy94 [9s Tc]
*** PRE-FLOP *** 
BROoK_-_linE folds
lecloch folds
Kheatakaaar raises 1600 to 2400
jaouse31 calls 2400
Lac2020 folds
manggy94 folds
*** FLOP *** [Qh 9h 3h]
Kheatakaaar checks
jaouse31 checks
*** TURN *** [Qh 9h 3h][Kd]
Kheatakaaar bets 3300
jaouse31 folds
Kheatakaaar collected 9900 from pot
*** SUMMARY ***
Total pot 9900 | No rake
Board: [Qh 9h 3h Kd]
Seat 3: Kheatakaaar won 9900


Winamax Poker - Tournament "Kill The Fish" buyIn: 4.50€ + 0.50€ level: 9 - HandId: #1353615396384538646-44-1577708989 - Holdem no limit (100/400/800) - 2019/12/30 12:29:49 UTC
Table: 'Kill The Fish(315163144)#021' 6-max (real money) Seat #5 is the button
Seat 1: BROoK_-_linE (19700)
Seat 2: lecloch (50123)
Seat 3: Kheatakaaar (44495)
Seat 4: jaouse31 (42495)
Seat 5: Lac2020 (38045)
Seat 6: manggy94 (21492)
*** ANTE/BLINDS ***
manggy94 posts ante 100
BROoK_-_linE posts ante 100
lecloch posts ante 100
Kheatakaaar posts ante 100
jaouse31 posts ante 100
Lac2020 posts ante 100
manggy94 posts small blind 400
BROoK_-_linE posts big blind 800
Dealt to manggy94 [4s 8c]
*** PRE-FLOP *** 
lecloch raises 1000 to 1800
Kheatakaaar folds
jaouse31 folds
Lac2020 folds
manggy94 folds
BROoK_-_linE folds
lecloch collected 3600 from pot
*** SUMMARY ***
Total pot 3600 | No rake
Seat 2: lecloch won 3600


Winamax Poker - Tournament "Kill The Fish" buyIn: 4.50€ + 0.50€ level: 10 - HandId: #1353615396384538646-45-1577709009 - Holdem no limit (120/500/1000) - 2019/12/30 12:30:09 UTC
Table: 'Kill The Fish(315163144)#021' 6-max (real money) Seat #6 is the button
Seat 1: BROoK_-_linE (18800)
Seat 2: lecloch (51823)
Seat 3: Kheatakaaar (44395)
Seat 4: jaouse31 (42395)
Seat 5: Lac2020 (37945)
Seat 6: manggy94 (20992)
*** ANTE/BLINDS ***
BROoK_-_linE posts ante 120
lecloch posts ante 120
Kheatakaaar posts ante 120
jaouse31 posts ante 120
Lac2020 posts ante 120
manggy94 posts ante 120
BROoK_-_linE posts small blind 500
lecloch posts big blind 1000
Dealt to manggy94 [3d 9c]
*** PRE-FLOP *** 
Kheatakaaar folds
jaouse31 folds
Lac2020 folds
manggy94 folds
BROoK_-_linE calls 500
lecloch checks
*** FLOP *** [2c Qh Kd]
BROoK_-_linE checks
lecloch checks
*** TURN *** [2c Qh Kd][6c]
BROoK_-_linE checks
lecloch checks
*** RIVER *** [2c Qh Kd 6c][Td]
BROoK_-_linE checks
lecloch checks
*** SHOW DOWN ***
lecloch shows [5h Ad] (High card : Ace)
BROoK_-_linE shows [5c 6d] (One pair : 6)
BROoK_-_linE collected 2720 from pot
*** SUMMARY ***
Total pot 2720 | No rake
Board: [2c Qh Kd 6c Td]
Seat 1: BROoK_-_linE (small blind) showed [5c 6d] and won 2720 with One pair : 6
Seat 2: lecloch (big blind) showed [5h Ad] and lost with High card : Ace


Winamax Poker - Tournament "Kill The Fish" buyIn: 4.50€ + 0.50€ level: 10 - HandId: #1353615396384538646-46-1577709113 - Holdem no limit (120/500/1000) - 2019/12/30 12:31:53 UTC
Table: 'Kill The Fish(315163144)#021' 6-max (real money) Seat #1 is the button
Seat 1: BROoK_-_linE (20400)
Seat 2: lecloch (50703)
Seat 3: Kheatakaaar (44275)
Seat 4: jaouse31 (42275)
Seat 5: Lac2020 (37825)
Seat 6: manggy94 (20872)
*** ANTE/BLINDS ***
lecloch posts ante 120
Kheatakaaar posts ante 120
BROoK_-_linE posts ante 120
jaouse31 posts ante 120
Lac2020 posts ante 120
manggy94 posts ante 120
lecloch posts small blind 500
Kheatakaaar posts big blind 1000
Dealt to manggy94 [2h Qd]
*** PRE-FLOP *** 
jaouse31 folds
Lac2020 raises 1000 to 2000
manggy94 folds
BROoK_-_linE folds
lecloch folds
Kheatakaaar folds
Lac2020 collected 4220 from pot
*** SUMMARY ***
Total pot 4220 | No rake
Seat 5: Lac2020 won 4220


Winamax Poker - Tournament "Kill The Fish" buyIn: 4.50€ + 0.50€ level: 10 - HandId: #1353615396384538646-47-1577709136 - Holdem no limit (120/500/1000) - 2019/12/30 12:32:16 UTC
Table: 'Kill The Fish(315163144)#021' 6-max (real money) Seat #2 is the button
Seat 1: BROoK_-_linE (20280)
Seat 2: lecloch (50083)
Seat 3: Kheatakaaar (43155)
Seat 4: jaouse31 (42155)
Seat 5: Lac2020 (39925)
Seat 6: manggy94 (20752)
*** ANTE/BLINDS ***
Kheatakaaar posts ante 120
jaouse31 posts ante 120
BROoK_-_linE posts ante 120
lecloch posts ante 120
Lac2020 posts ante 120
manggy94 posts ante 120
Kheatakaaar posts small blind 500
jaouse31 posts big blind 1000
Dealt to manggy94 [2d 7c]
*** PRE-FLOP *** 
Lac2020 calls 1000
manggy94 folds
BROoK_-_linE calls 1000
lecloch folds
Kheatakaaar calls 500
jaouse31 checks
*** FLOP *** [7s 8c Th]
Kheatakaaar checks
jaouse31 checks
Lac2020 bets 1000
BROoK_-_linE calls 1000
Kheatakaaar folds
jaouse31 folds
*** TURN *** [7s 8c Th][Qs]
Lac2020 checks
BROoK_-_linE checks
*** RIVER *** [7s 8c Th Qs][Ks]
Lac2020 checks
BROoK_-_linE bets 2218
Lac2020 calls 2218
*** SHOW DOWN ***
Lac2020 shows [Ad 8s] (One pair : 8)
BROoK_-_linE shows [Jd Qh] (One pair : Queens)
BROoK_-_linE collected 11156 from pot
*** SUMMARY ***
Total pot 11156 | No rake
Board: [7s 8c Th Qs Ks]
Seat 1: BROoK_-_linE showed [Jd Qh] and won 11156 with One pair : Queens
Seat 5: Lac2020 showed [Ad 8s] and lost with One pair : 8


Winamax Poker - Tournament "Kill The Fish" buyIn: 4.50€ + 0.50€ level: 10 - HandId: #1353615396384538646-48-1577709201 - Holdem no limit (120/500/1000) - 2019/12/30 12:33:21 UTC
Table: 'Kill The Fish(315163144)#021' 6-max (real money) Seat #3 is the button
Seat 1: BROoK_-_linE (27098)
Seat 2: lecloch (49963)
Seat 3: Kheatakaaar (42035)
Seat 4: jaouse31 (41035)
Seat 5: Lac2020 (35587)
Seat 6: manggy94 (20632)
*** ANTE/BLINDS ***
jaouse31 posts ante 120
Lac2020 posts ante 120
BROoK_-_linE posts ante 120
lecloch posts ante 120
Kheatakaaar posts ante 120
manggy94 posts ante 120
jaouse31 posts small blind 500
Lac2020 posts big blind 1000
Dealt to manggy94 [5c Jh]
*** PRE-FLOP *** 
manggy94 folds
BROoK_-_linE folds
lecloch raises 1250 to 2250
Kheatakaaar folds
jaouse31 folds
Lac2020 calls 1250
*** FLOP *** [4s 9d 2d]
Lac2020 checks
lecloch checks
*** TURN *** [4s 9d 2d][7h]
Lac2020 bets 2860
lecloch folds
Lac2020 collected 8580 from pot
*** SUMMARY ***
Total pot 8580 | No rake
Board: [4s 9d 2d 7h]
Seat 5: Lac2020 (big blind) won 8580


Winamax Poker - Tournament "Kill The Fish" buyIn: 4.50€ + 0.50€ level: 10 - HandId: #1353615396384538646-49-1577709237 - Holdem no limit (120/500/1000) - 2019/12/30 12:33:57 UTC
Table: 'Kill The Fish(315163144)#021' 6-max (real money) Seat #4 is the button
Seat 1: BROoK_-_linE (26978)
Seat 2: lecloch (47593)
Seat 3: Kheatakaaar (41915)
Seat 4: jaouse31 (40415)
Seat 5: Lac2020 (38937)
Seat 6: manggy94 (20512)
*** ANTE/BLINDS ***
Lac2020 posts ante 120
manggy94 posts ante 120
BROoK_-_linE posts ante 120
lecloch posts ante 120
Kheatakaaar posts ante 120
jaouse31 posts ante 120
Lac2020 posts small blind 500
manggy94 posts big blind 1000
Dealt to manggy94 [4h 3c]
*** PRE-FLOP *** 
BROoK_-_linE folds
lecloch calls 1000
Kheatakaaar folds
jaouse31 folds
Lac2020 calls 500
manggy94 checks
*** FLOP *** [Js Jd 2h]
Lac2020 checks
manggy94 checks
lecloch bets 1860
Lac2020 calls 1860
manggy94 folds
*** TURN *** [Js Jd 2h][9h]
Lac2020 checks
lecloch checks
*** RIVER *** [Js Jd 2h 9h][8d]
Lac2020 checks
lecloch bets 4960
Lac2020 calls 4960
*** SHOW DOWN ***
Lac2020 shows [2c 4d] (Two pairs : Jacks and 2)
lecloch shows [8h 8c] (Full of 8 and Jacks)
lecloch collected 17360 from pot
*** SUMMARY ***
Total pot 17360 | No rake
Board: [Js Jd 2h 9h 8d]
Seat 2: lecloch showed [8h 8c] and won 17360 with Full of 8 and Jacks
Seat 5: Lac2020 (small blind) showed [2c 4d] and lost with Two pairs : Jacks and 2


Winamax Poker - Tournament "Kill The Fish" buyIn: 4.50€ + 0.50€ level: 10 - HandId: #1353615396384538646-50-1577709296 - Holdem no limit (120/500/1000) - 2019/12/30 12:34:56 UTC
Table: 'Kill The Fish(315163144)#021' 6-max (real money) Seat #5 is the button
Seat 1: BROoK_-_linE (26858)
Seat 2: lecloch (57013)
Seat 3: Kheatakaaar (41795)
Seat 4: jaouse31 (40295)
Seat 5: Lac2020 (30997)
Seat 6: manggy94 (19392)
*** ANTE/BLINDS ***
manggy94 posts ante 120
BROoK_-_linE posts ante 120
lecloch posts ante 120
Kheatakaaar posts ante 120
jaouse31 posts ante 120
Lac2020 posts ante 120
manggy94 posts small blind 500
BROoK_-_linE posts big blind 1000
Dealt to manggy94 [Qh Jd]
*** PRE-FLOP *** 
lecloch folds
Kheatakaaar folds
jaouse31 raises 1500 to 2500
Lac2020 raises 28377 to 30877 and is all-in
manggy94 folds
BROoK_-_linE folds
jaouse31 calls 28377
*** FLOP *** [3c 7c 5h]
*** TURN *** [3c 7c 5h][2h]
*** RIVER *** [3c 7c 5h 2h][Ts]
*** SHOW DOWN ***
jaouse31 shows [4d 4c] (One pair : 4)
Lac2020 shows [Ac Th] (One pair : Tens)
Lac2020 collected 63974 from pot
*** SUMMARY ***
Total pot 63974 | No rake
Board: [3c 7c 5h 2h Ts]
Seat 4: jaouse31 showed [4d 4c] and lost with One pair : 4
Seat 5: Lac2020 (button) showed [Ac Th] and won 63974 with One pair : Tens


Winamax Poker - Tournament "Kill The Fish" buyIn: 4.50€ + 0.50€ level: 10 - HandId: #1353615396384538646-51-1577709330 - Holdem no limit (120/500/1000) - 2019/12/30 12:35:30 UTC
Table: 'Kill The Fish(315163144)#021' 6-max (real money) Seat #6 is the button
Seat 1: BROoK_-_linE (25738)
Seat 2: lecloch (56893)
Seat 3: Kheatakaaar (41675)
Seat 4: jaouse31 (9298)
Seat 5: Lac2020 (63974)
Seat 6: manggy94 (18772)
*** ANTE/BLINDS ***
BROoK_-_linE posts ante 120
lecloch posts ante 120
Kheatakaaar posts ante 120
jaouse31 posts ante 120
Lac2020 posts ante 120
manggy94 posts ante 120
BROoK_-_linE posts small blind 500
lecloch posts big blind 1000
Dealt to manggy94 [4h 2d]
*** PRE-FLOP *** 
Kheatakaaar raises 1000 to 2000
jaouse31 folds
Lac2020 folds
manggy94 folds
BROoK_-_linE calls 1500
lecloch calls 1000
*** FLOP *** [5s 7d 2h]
BROoK_-_linE checks
lecloch checks
Kheatakaaar checks
*** TURN *** [5s 7d 2h][Kh]
BROoK_-_linE checks
lecloch checks
Kheatakaaar bets 3360
BROoK_-_linE calls 3360
lecloch folds
*** RIVER *** [5s 7d 2h Kh][5d]
BROoK_-_linE checks
Kheatakaaar checks
*** SHOW DOWN ***
Kheatakaaar shows [Td Jh] (One pair : 5)
BROoK_-_linE shows [Ks Qc] (Two pairs : Kings and 5)
BROoK_-_linE collected 13440 from pot
*** SUMMARY ***
Total pot 13440 | No rake
Board: [5s 7d 2h Kh 5d]
Seat 1: BROoK_-_linE (small blind) showed [Ks Qc] and won 13440 with Two pairs : Kings and 5
Seat 3: Kheatakaaar showed [Td Jh] and lost with One pair : 5


Winamax Poker - Tournament "Kill The Fish" buyIn: 4.50€ + 0.50€ level: 11 - HandId: #1353615396384538646-52-1577709383 - Holdem no limit (160/600/1200) - 2019/12/30 12:36:23 UTC
Table: 'Kill The Fish(315163144)#021' 6-max (real money) Seat #1 is the button
Seat 1: BROoK_-_linE (33698)
Seat 2: lecloch (54773)
Seat 3: Kheatakaaar (36195)
Seat 4: jaouse31 (9178)
Seat 5: Lac2020 (63854)
Seat 6: manggy94 (18652)
*** ANTE/BLINDS ***
lecloch posts ante 160
Kheatakaaar posts ante 160
BROoK_-_linE posts ante 160
jaouse31 posts ante 160
Lac2020 posts ante 160
manggy94 posts ante 160
lecloch posts small blind 600
Kheatakaaar posts big blind 1200
Dealt to manggy94 [Ah 2d]
*** PRE-FLOP *** 
jaouse31 folds
Lac2020 folds
manggy94 raises 17292 to 18492 and is all-in
BROoK_-_linE folds
lecloch folds
Kheatakaaar folds
manggy94 collected 21252 from pot
*** SUMMARY ***
Total pot 21252 | No rake
Seat 6: manggy94 won 21252


Winamax Poker - Tournament "Kill The Fish" buyIn: 4.50€ + 0.50€ level: 11 - HandId: #1353615396384538646-53-1577709402 - Holdem no limit (160/600/1200) - 2019/12/30 12:36:42 UTC
Table: 'Kill The Fish(315163144)#021' 6-max (real money) Seat #2 is the button
Seat 1: BROoK_-_linE (33538)
Seat 2: lecloch (54013)
Seat 3: Kheatakaaar (34835)
Seat 4: jaouse31 (9018)
Seat 5: Lac2020 (63694)
Seat 6: manggy94 (21252)
*** ANTE/BLINDS ***
Kheatakaaar posts ante 160
jaouse31 posts ante 160
BROoK_-_linE posts ante 160
lecloch posts ante 160
Lac2020 posts ante 160
manggy94 posts ante 160
Kheatakaaar posts small blind 600
jaouse31 posts big blind 1200
Dealt to manggy94 [Jc 6h]
*** PRE-FLOP *** 
Lac2020 folds
manggy94 folds
BROoK_-_linE raises 1200 to 2400
lecloch folds
Kheatakaaar folds
jaouse31 folds
BROoK_-_linE collected 5160 from pot
*** SUMMARY ***
Total pot 5160 | No rake
Seat 1: BROoK_-_linE won 5160


Winamax Poker - Tournament "Kill The Fish" buyIn: 4.50€ + 0.50€ level: 11 - HandId: #1353615396384538646-54-1577709432 - Holdem no limit (160/600/1200) - 2019/12/30 12:37:12 UTC
Table: 'Kill The Fish(315163144)#021' 6-max (real money) Seat #3 is the button
Seat 1: BROoK_-_linE (36138)
Seat 2: lecloch (53853)
Seat 3: Kheatakaaar (34075)
Seat 4: jaouse31 (7658)
Seat 5: Lac2020 (63534)
Seat 6: manggy94 (21092)
*** ANTE/BLINDS ***
jaouse31 posts ante 160
Lac2020 posts ante 160
BROoK_-_linE posts ante 160
lecloch posts ante 160
Kheatakaaar posts ante 160
manggy94 posts ante 160
jaouse31 posts small blind 600
Lac2020 posts big blind 1200
Dealt to manggy94 [9d 2s]
*** PRE-FLOP *** 
manggy94 folds
BROoK_-_linE folds
lecloch raises 1500 to 2700
Kheatakaaar folds
jaouse31 raises 4798 to 7498 and is all-in
Lac2020 folds
lecloch calls 4798
*** FLOP *** [Td 7h Tc]
*** TURN *** [Td 7h Tc][2h]
*** RIVER *** [Td 7h Tc 2h][4d]
*** SHOW DOWN ***
lecloch shows [Ks Qh] (One pair : Tens)
jaouse31 shows [6s 4s] (Two pairs : Tens and 4)
jaouse31 collected 17156 from pot
*** SUMMARY ***
Total pot 17156 | No rake
Board: [Td 7h Tc 2h 4d]
Seat 2: lecloch showed [Ks Qh] and lost with One pair : Tens
Seat 4: jaouse31 (small blind) showed [6s 4s] and won 17156 with Two pairs : Tens and 4


Winamax Poker - Tournament "Kill The Fish" buyIn: 4.50€ + 0.50€ level: 11 - HandId: #1353615396384538646-55-1577709483 - Holdem no limit (160/600/1200) - 2019/12/30 12:38:03 UTC
Table: 'Kill The Fish(315163144)#021' 6-max (real money) Seat #4 is the button
Seat 1: BROoK_-_linE (35978)
Seat 2: lecloch (46195)
Seat 3: Kheatakaaar (33915)
Seat 4: jaouse31 (17156)
Seat 5: Lac2020 (62174)
Seat 6: manggy94 (20932)
*** ANTE/BLINDS ***
Lac2020 posts ante 160
manggy94 posts ante 160
BROoK_-_linE posts ante 160
lecloch posts ante 160
Kheatakaaar posts ante 160
jaouse31 posts ante 160
Lac2020 posts small blind 600
manggy94 posts big blind 1200
Dealt to manggy94 [Ac 5d]
*** PRE-FLOP *** 
BROoK_-_linE raises 1200 to 2400
lecloch folds
Kheatakaaar folds
jaouse31 folds
Lac2020 folds
manggy94 calls 1200
*** FLOP *** [Kc Jc 4c]
manggy94 checks
BROoK_-_linE checks
*** TURN *** [Kc Jc 4c][Td]
manggy94 bets 3000
BROoK_-_linE calls 3000
*** RIVER *** [Kc Jc 4c Td][Ad]
manggy94 checks
BROoK_-_linE checks
*** SHOW DOWN ***
BROoK_-_linE shows [9c As] (One pair : Aces)
manggy94 shows [Ac 5d] (One pair : Aces)
manggy94 collected 6180 from pot
BROoK_-_linE collected 6180 from pot
*** SUMMARY ***
Total pot 12360 | No rake
Board: [Kc Jc 4c Td Ad]
Seat 1: BROoK_-_linE showed [9c As] and won 6180 with One pair : Aces
Seat 6: manggy94 (big blind) showed [Ac 5d] and won 6180 with One pair : Aces


Winamax Poker - Tournament "Kill The Fish" buyIn: 4.50€ + 0.50€ level: 11 - HandId: #1353615396384538646-56-1577709533 - Holdem no limit (160/600/1200) - 2019/12/30 12:38:53 UTC
Table: 'Kill The Fish(315163144)#021' 6-max (real money) Seat #5 is the button
Seat 1: BROoK_-_linE (36598)
Seat 2: lecloch (46035)
Seat 3: Kheatakaaar (33755)
Seat 4: jaouse31 (16996)
Seat 5: Lac2020 (61414)
Seat 6: manggy94 (21552)
*** ANTE/BLINDS ***
manggy94 posts ante 160
BROoK_-_linE posts ante 160
lecloch posts ante 160
Kheatakaaar posts ante 160
jaouse31 posts ante 160
Lac2020 posts ante 160
manggy94 posts small blind 600
BROoK_-_linE posts big blind 1200
Dealt to manggy94 [3h 2c]
*** PRE-FLOP *** 
lecloch folds
Kheatakaaar folds
jaouse31 folds
Lac2020 folds
manggy94 folds
BROoK_-_linE collected 2760 from pot
*** SUMMARY ***
Total pot 2760 | No rake
Seat 1: BROoK_-_linE (big blind) won 2760


Winamax Poker - Tournament "Kill The Fish" buyIn: 4.50€ + 0.50€ level: 11 - HandId: #1353615396384538646-57-1577709561 - Holdem no limit (160/600/1200) - 2019/12/30 12:39:21 UTC
Table: 'Kill The Fish(315163144)#021' 6-max (real money) Seat #6 is the button
Seat 1: BROoK_-_linE (37998)
Seat 2: lecloch (45875)
Seat 3: Kheatakaaar (33595)
Seat 4: jaouse31 (16836)
Seat 5: Lac2020 (61254)
Seat 6: manggy94 (20792)
*** ANTE/BLINDS ***
BROoK_-_linE posts ante 160
lecloch posts ante 160
Kheatakaaar posts ante 160
jaouse31 posts ante 160
Lac2020 posts ante 160
manggy94 posts ante 160
BROoK_-_linE posts small blind 600
lecloch posts big blind 1200
Dealt to manggy94 [2c 9d]
*** PRE-FLOP *** 
Kheatakaaar folds
jaouse31 folds
Lac2020 folds
manggy94 folds
BROoK_-_linE calls 600
lecloch checks
*** FLOP *** [3h Ac Td]
BROoK_-_linE checks
lecloch bets 1200
BROoK_-_linE calls 1200
*** TURN *** [3h Ac Td][Jc]
BROoK_-_linE checks
lecloch checks
*** RIVER *** [3h Ac Td Jc][Ah]
BROoK_-_linE checks
lecloch checks
*** SHOW DOWN ***
lecloch shows [6d Th] (Two pairs : Aces and Tens)
BROoK_-_linE shows [Qh Qs] (Two pairs : Aces and Queens)
BROoK_-_linE collected 5760 from pot
*** SUMMARY ***
Total pot 5760 | No rake
Board: [3h Ac Td Jc Ah]
Seat 1: BROoK_-_linE (small blind) showed [Qh Qs] and won 5760 with Two pairs : Aces and Queens
Seat 2: lecloch (big blind) showed [6d Th] and lost with Two pairs : Aces and Tens


Winamax Poker - Tournament "Kill The Fish" buyIn: 4.50€ + 0.50€ level: 11 - HandId: #1353615396384538646-58-1577709609 - Holdem no limit (160/600/1200) - 2019/12/30 12:40:09 UTC
Table: 'Kill The Fish(315163144)#021' 6-max (real money) Seat #1 is the button
Seat 1: BROoK_-_linE (41198)
Seat 2: lecloch (43315)
Seat 3: Kheatakaaar (33435)
Seat 4: jaouse31 (16676)
Seat 5: Lac2020 (61094)
Seat 6: manggy94 (20632)
*** ANTE/BLINDS ***
lecloch posts ante 160
Kheatakaaar posts ante 160
BROoK_-_linE posts ante 160
jaouse31 posts ante 160
Lac2020 posts ante 160
manggy94 posts ante 160
lecloch posts small blind 600
Kheatakaaar posts big blind 1200
Dealt to manggy94 [7h Ac]
*** PRE-FLOP *** 
jaouse31 folds
Lac2020 folds
manggy94 raises 1800 to 3000
BROoK_-_linE folds
lecloch folds
Kheatakaaar calls 1800
*** FLOP *** [4s 6s 8d]
Kheatakaaar checks
manggy94 checks
*** TURN *** [4s 6s 8d][3s]
Kheatakaaar checks
manggy94 checks
*** RIVER *** [4s 6s 8d 3s][2d]
Kheatakaaar checks
manggy94 checks
*** SHOW DOWN ***
manggy94 shows [7h Ac] (High card : Ace)
Kheatakaaar shows [As Kd] (High card : Ace)
Kheatakaaar collected 7560 from pot
*** SUMMARY ***
Total pot 7560 | No rake
Board: [4s 6s 8d 3s 2d]
Seat 3: Kheatakaaar (big blind) showed [As Kd] and won 7560 with High card : Ace
Seat 6: manggy94 showed [7h Ac] and lost with High card : Ace


Winamax Poker - Tournament "Kill The Fish" buyIn: 4.50€ + 0.50€ level: 11 - HandId: #1353615396384538646-59-1577709649 - Holdem no limit (160/600/1200) - 2019/12/30 12:40:49 UTC
Table: 'Kill The Fish(315163144)#021' 6-max (real money) Seat #2 is the button
Seat 1: BROoK_-_linE (41038)
Seat 2: lecloch (42555)
Seat 3: Kheatakaaar (37835)
Seat 4: jaouse31 (16516)
Seat 5: Lac2020 (60934)
Seat 6: manggy94 (17472)
*** ANTE/BLINDS ***
Kheatakaaar posts ante 160
jaouse31 posts ante 160
BROoK_-_linE posts ante 160
lecloch posts ante 160
Lac2020 posts ante 160
manggy94 posts ante 160
Kheatakaaar posts small blind 600
jaouse31 posts big blind 1200
Dealt to manggy94 [4d 7d]
*** PRE-FLOP *** 
Lac2020 folds
manggy94 folds
BROoK_-_linE folds
lecloch folds
Kheatakaaar folds
jaouse31 collected 2760 from pot
*** SUMMARY ***
Total pot 2760 | No rake
Seat 4: jaouse31 (big blind) won 2760


Winamax Poker - Tournament "Kill The Fish" buyIn: 4.50€ + 0.50€ level: 11 - HandId: #1353615396384538646-60-1577709666 - Holdem no limit (160/600/1200) - 2019/12/30 12:41:06 UTC
Table: 'Kill The Fish(315163144)#021' 6-max (real money) Seat #3 is the button
Seat 1: BROoK_-_linE (40878)
Seat 2: lecloch (42395)
Seat 3: Kheatakaaar (37075)
Seat 4: jaouse31 (17916)
Seat 5: Lac2020 (60774)
Seat 6: manggy94 (17312)
*** ANTE/BLINDS ***
jaouse31 posts ante 160
Lac2020 posts ante 160
BROoK_-_linE posts ante 160
lecloch posts ante 160
Kheatakaaar posts ante 160
manggy94 posts ante 160
jaouse31 posts small blind 600
Lac2020 posts big blind 1200
Dealt to manggy94 [Jc 4s]
*** PRE-FLOP *** 
manggy94 folds
BROoK_-_linE folds
lecloch folds
Kheatakaaar folds
jaouse31 raises 16556 to 17756 and is all-in
Lac2020 folds
jaouse31 collected 19916 from pot
*** SUMMARY ***
Total pot 19916 | No rake
Seat 4: jaouse31 (small blind) won 19916


Winamax Poker - Tournament "Kill The Fish" buyIn: 4.50€ + 0.50€ level: 12 - HandId: #1353615396384538646-61-1577709743 - Holdem no limit (200/800/1600) - 2019/12/30 12:42:23 UTC
Table: 'Kill The Fish(315163144)#021' 6-max (real money) Seat #4 is the button
Seat 1: BROoK_-_linE (40718)
Seat 2: lecloch (42235)
Seat 3: Kheatakaaar (36915)
Seat 4: jaouse31 (19916)
Seat 5: Lac2020 (59414)
Seat 6: manggy94 (17152)
*** ANTE/BLINDS ***
Lac2020 posts ante 200
manggy94 posts ante 200
BROoK_-_linE posts ante 200
lecloch posts ante 200
Kheatakaaar posts ante 200
jaouse31 posts ante 200
Lac2020 posts small blind 800
manggy94 posts big blind 1600
Dealt to manggy94 [4c 5s]
*** PRE-FLOP *** 
BROoK_-_linE folds
lecloch folds
Kheatakaaar folds
jaouse31 folds
Lac2020 calls 800
manggy94 checks
*** FLOP *** [Ts 6s 2d]
Lac2020 checks
manggy94 checks
*** TURN *** [Ts 6s 2d][6h]
Lac2020 bets 1600
manggy94 calls 1600
*** RIVER *** [Ts 6s 2d 6h][3d]
Lac2020 bets 1600
manggy94 raises 4600 to 6200
Lac2020 folds
manggy94 collected 15400 from pot
*** SUMMARY ***
Total pot 15400 | No rake
Board: [Ts 6s 2d 6h 3d]
Seat 6: manggy94 (big blind) won 15400


Winamax Poker - Tournament "Kill The Fish" buyIn: 4.50€ + 0.50€ level: 12 - HandId: #1353615396384538646-62-1577709795 - Holdem no limit (200/800/1600) - 2019/12/30 12:43:15 UTC
Table: 'Kill The Fish(315163144)#021' 6-max (real money) Seat #5 is the button
Seat 1: BROoK_-_linE (40518)
Seat 2: lecloch (42035)
Seat 3: Kheatakaaar (36715)
Seat 4: jaouse31 (19716)
Seat 5: Lac2020 (54414)
Seat 6: manggy94 (22952)
*** ANTE/BLINDS ***
manggy94 posts ante 200
BROoK_-_linE posts ante 200
lecloch posts ante 200
Kheatakaaar posts ante 200
jaouse31 posts ante 200
Lac2020 posts ante 200
manggy94 posts small blind 800
BROoK_-_linE posts big blind 1600
Dealt to manggy94 [Qc 9c]
*** PRE-FLOP *** 
lecloch folds
Kheatakaaar folds
jaouse31 raises 17916 to 19516 and is all-in
Lac2020 folds
manggy94 folds
BROoK_-_linE folds
jaouse31 collected 23116 from pot
*** SUMMARY ***
Total pot 23116 | No rake
Seat 4: jaouse31 won 23116


Winamax Poker - Tournament "Kill The Fish" buyIn: 4.50€ + 0.50€ level: 12 - HandId: #1353615396384538646-63-1577709825 - Holdem no limit (200/800/1600) - 2019/12/30 12:43:45 UTC
Table: 'Kill The Fish(315163144)#021' 6-max (real money) Seat #6 is the button
Seat 1: BROoK_-_linE (38718)
Seat 2: lecloch (41835)
Seat 3: Kheatakaaar (36515)
Seat 4: jaouse31 (23116)
Seat 5: Lac2020 (54214)
Seat 6: manggy94 (21952)
*** ANTE/BLINDS ***
BROoK_-_linE posts ante 200
lecloch posts ante 200
Kheatakaaar posts ante 200
jaouse31 posts ante 200
Lac2020 posts ante 200
manggy94 posts ante 200
BROoK_-_linE posts small blind 800
lecloch posts big blind 1600
Dealt to manggy94 [9s 5h]
*** PRE-FLOP *** 
Kheatakaaar folds
jaouse31 folds
Lac2020 raises 52414 to 54014 and is all-in
manggy94 folds
BROoK_-_linE folds
lecloch folds
Lac2020 collected 57614 from pot
*** SUMMARY ***
Total pot 57614 | No rake
Seat 5: Lac2020 won 57614


Winamax Poker - Tournament "Kill The Fish" buyIn: 4.50€ + 0.50€ level: 12 - HandId: #1353615396384538646-64-1577709842 - Holdem no limit (200/800/1600) - 2019/12/30 12:44:02 UTC
Table: 'Kill The Fish(315163144)#021' 6-max (real money) Seat #1 is the button
Seat 1: BROoK_-_linE (37718)
Seat 2: lecloch (40035)
Seat 3: Kheatakaaar (36315)
Seat 4: jaouse31 (22916)
Seat 5: Lac2020 (57614)
Seat 6: manggy94 (21752)
*** ANTE/BLINDS ***
lecloch posts ante 200
Kheatakaaar posts ante 200
BROoK_-_linE posts ante 200
jaouse31 posts ante 200
Lac2020 posts ante 200
manggy94 posts ante 200
lecloch posts small blind 800
Kheatakaaar posts big blind 1600
Dealt to manggy94 [Qh Qs]
*** PRE-FLOP *** 
jaouse31 raises 21116 to 22716 and is all-in
Lac2020 folds
manggy94 calls 21552 and is all-in
BROoK_-_linE folds
lecloch folds
Kheatakaaar folds
*** FLOP *** [7h 2c 5c]
*** TURN *** [7h 2c 5c][6c]
*** RIVER *** [7h 2c 5c 6c][8d]
*** SHOW DOWN ***
jaouse31 shows [Kd Qc] (High card : King)
manggy94 shows [Qh Qs] (One pair : Queens)
manggy94 collected 46704 from main pot
jaouse31 collected 1164 from side pot 1
*** SUMMARY ***
Total pot 47868 | No rake
Board: [7h 2c 5c 6c 8d]
Seat 4: jaouse31 showed [Kd Qc] and won 1164 with High card : King
Seat 6: manggy94 showed [Qh Qs] and won 46704 with One pair : Queens


Winamax Poker - Tournament "Kill The Fish" buyIn: 4.50€ + 0.50€ level: 12 - HandId: #1353615396384538646-65-1577709865 - Holdem no limit (200/800/1600) - 2019/12/30 12:44:25 UTC
Table: 'Kill The Fish(315163144)#021' 6-max (real money) Seat #2 is the button
Seat 1: BROoK_-_linE (37518)
Seat 2: lecloch (39035)
Seat 3: Kheatakaaar (34515)
Seat 4: jaouse31 (1164)
Seat 5: Lac2020 (57414)
Seat 6: manggy94 (46704)
*** ANTE/BLINDS ***
Kheatakaaar posts ante 200
jaouse31 posts ante 200
BROoK_-_linE posts ante 200
lecloch posts ante 200
Lac2020 posts ante 200
manggy94 posts ante 200
Kheatakaaar posts small blind 800
jaouse31 posts big blind 964 and is all-in
Dealt to manggy94 [Qc Jh]
*** PRE-FLOP *** 
Lac2020 raises 2236 to 3200
manggy94 calls 3200
BROoK_-_linE calls 3200
lecloch calls 3200
Kheatakaaar calls 2400
*** FLOP *** [Qd 8c 9s]
Kheatakaaar checks
Lac2020 bets 5117
manggy94 raises 38187 to 43304 and is all-in
BROoK_-_linE folds
lecloch folds
Kheatakaaar folds
Lac2020 folds
*** TURN *** [Qd 8c 9s][Qs]
*** RIVER *** [Qd 8c 9s Qs][7d]
*** SHOW DOWN ***
jaouse31 shows [8h 3d] (Two pairs : Queens and 8)
manggy94 shows [Qc Jh] (Trips of Queens)
manggy94 collected 66585 from pot
*** SUMMARY ***
Total pot 66585 | No rake
Board: [Qd 8c 9s Qs 7d]
Seat 4: jaouse31 (big blind) showed [8h 3d] and lost with Two pairs : Queens and 8
Seat 6: manggy94 showed [Qc Jh] and won 66585 with Trips of Queens


Winamax Poker - Tournament "Kill The Fish" buyIn: 4.50€ + 0.50€ level: 12 - HandId: #1353615396384538646-66-1577709931 - Holdem no limit (200/800/1600) - 2019/12/30 12:45:31 UTC
Table: 'Kill The Fish(315163144)#021' 6-max (real money) Seat #3 is the button
Seat 1: BROoK_-_linE (34118)
Seat 2: lecloch (35635)
Seat 3: Kheatakaaar (31115)
Seat 5: Lac2020 (48897)
Seat 6: manggy94 (66585)
*** ANTE/BLINDS ***
Lac2020 posts ante 200
BROoK_-_linE posts ante 200
lecloch posts ante 200
Kheatakaaar posts ante 200
manggy94 posts ante 200
Lac2020 posts big blind 1600
Dealt to manggy94 [Kc 7c]
*** PRE-FLOP *** 
manggy94 calls 1600
BROoK_-_linE folds
lecloch calls 1600
Kheatakaaar folds
Lac2020 checks
*** FLOP *** [3s 7d 8d]
Lac2020 checks
manggy94 bets 2900
lecloch raises 30935 to 33835 and is all-in
Lac2020 folds
manggy94 folds
lecloch collected 42535 from pot
*** SUMMARY ***
Total pot 42535 | No rake
Board: [3s 7d 8d]
Seat 2: lecloch won 42535


Winamax Poker - Tournament "Kill The Fish" buyIn: 4.50€ + 0.50€ level: 12 - HandId: #1353615396384538646-67-1577709986 - Holdem no limit (200/800/1600) - 2019/12/30 12:46:26 UTC
Table: 'Kill The Fish(315163144)#021' 6-max (real money) Seat #4 is the button
Seat 1: BROoK_-_linE (33918)
Seat 2: lecloch (42535)
Seat 3: Kheatakaaar (30915)
Seat 5: Lac2020 (47097)
Seat 6: manggy94 (61885)
*** ANTE/BLINDS ***
Lac2020 posts ante 200
manggy94 posts ante 200
BROoK_-_linE posts ante 200
lecloch posts ante 200
Kheatakaaar posts ante 200
Lac2020 posts small blind 800
manggy94 posts big blind 1600
Dealt to manggy94 [4h 7s]
*** PRE-FLOP *** 
BROoK_-_linE raises 32118 to 33718 and is all-in
lecloch folds
Kheatakaaar folds
Lac2020 calls 32918
manggy94 folds
*** FLOP *** [2d 2s 3h]
*** TURN *** [2d 2s 3h][8h]
*** RIVER *** [2d 2s 3h 8h][4d]
*** SHOW DOWN ***
Lac2020 shows [Jc Qc] (One pair : 2)
BROoK_-_linE shows [Js Ac] (One pair : 2)
BROoK_-_linE collected 70036 from pot
*** SUMMARY ***
Total pot 70036 | No rake
Board: [2d 2s 3h 8h 4d]
Seat 1: BROoK_-_linE showed [Js Ac] and won 70036 with One pair : 2
Seat 5: Lac2020 (small blind) showed [Jc Qc] and lost with One pair : 2


Winamax Poker - Tournament "Kill The Fish" buyIn: 4.50€ + 0.50€ level: 12 - HandId: #1353615396384538646-68-1577710014 - Holdem no limit (200/800/1600) - 2019/12/30 12:46:54 UTC
Table: 'Kill The Fish(315163144)#021' 6-max (real money) Seat #5 is the button
Seat 1: BROoK_-_linE (70036)
Seat 2: lecloch (42335)
Seat 3: Kheatakaaar (30715)
Seat 5: Lac2020 (13179)
Seat 6: manggy94 (60085)
*** ANTE/BLINDS ***
manggy94 posts ante 200
BROoK_-_linE posts ante 200
lecloch posts ante 200
Kheatakaaar posts ante 200
Lac2020 posts ante 200
manggy94 posts small blind 800
BROoK_-_linE posts big blind 1600
Dealt to manggy94 [6s Td]
*** PRE-FLOP *** 
lecloch folds
Kheatakaaar raises 1600 to 3200
Lac2020 calls 3200
manggy94 folds
BROoK_-_linE calls 1600
*** FLOP *** [Qh Kd 9h]
BROoK_-_linE checks
Kheatakaaar bets 5700
Lac2020 raises 4079 to 9779 and is all-in
BROoK_-_linE calls 9779
Kheatakaaar calls 4079
*** TURN *** [Qh Kd 9h][Qs]
BROoK_-_linE bets 33812
Kheatakaaar folds
*** RIVER *** [Qh Kd 9h Qs][7s]
*** SHOW DOWN ***
Lac2020 shows [5h 6h] (One pair : Queens)
BROoK_-_linE shows [7c Qc] (Full of Queens and 7)
BROoK_-_linE collected 74549 from pot
*** SUMMARY ***
Total pot 74549 | No rake
Board: [Qh Kd 9h Qs 7s]
Seat 1: BROoK_-_linE (big blind) showed [7c Qc] and won 74549 with Full of Queens and 7
Seat 5: Lac2020 (button) showed [5h 6h] and lost with One pair : Queens


Winamax Poker - Tournament "Kill The Fish" buyIn: 4.50€ + 0.50€ level: 13 - HandId: #1353615396384538646-69-1577710085 - Holdem no limit (250/1000/2000) - 2019/12/30 12:48:05 UTC
Table: 'Kill The Fish(315163144)#021' 6-max (real money) Seat #6 is the button
Seat 1: BROoK_-_linE (97594)
Seat 2: lecloch (42135)
Seat 3: Kheatakaaar (17536)
Seat 4: badaboue38 (105801)
Seat 6: manggy94 (59085)
*** ANTE/BLINDS ***
BROoK_-_linE posts ante 250
lecloch posts ante 250
Kheatakaaar posts ante 250
badaboue38 posts ante 250
manggy94 posts ante 250
BROoK_-_linE posts small blind 1000
lecloch posts big blind 2000
Dealt to manggy94 [9s 4d]
*** PRE-FLOP *** 
Kheatakaaar folds
badaboue38 folds
manggy94 folds
BROoK_-_linE calls 1000
lecloch checks
*** FLOP *** [Tc Qc 2c]
BROoK_-_linE checks
lecloch checks
*** TURN *** [Tc Qc 2c][7c]
BROoK_-_linE checks
lecloch checks
*** RIVER *** [Tc Qc 2c 7c][4s]
BROoK_-_linE checks
lecloch checks
*** SHOW DOWN ***
BROoK_-_linE shows [Td 9d] (One pair : Tens)
lecloch shows [Jh Th] (One pair : Tens)
lecloch collected 5250 from pot
*** SUMMARY ***
Total pot 5250 | No rake
Board: [Tc Qc 2c 7c 4s]
Seat 1: BROoK_-_linE (small blind) showed [Td 9d] and lost with One pair : Tens
Seat 2: lecloch (big blind) showed [Jh Th] and won 5250 with One pair : Tens


Winamax Poker - Tournament "Kill The Fish" buyIn: 4.50€ + 0.50€ level: 13 - HandId: #1353615396384538646-70-1577710165 - Holdem no limit (250/1000/2000) - 2019/12/30 12:49:25 UTC
Table: 'Kill The Fish(315163144)#021' 6-max (real money) Seat #1 is the button
Seat 1: BROoK_-_linE (95344)
Seat 2: lecloch (45135)
Seat 3: Kheatakaaar (17286)
Seat 4: badaboue38 (105551)
Seat 6: manggy94 (58835)
*** ANTE/BLINDS ***
lecloch posts ante 250
Kheatakaaar posts ante 250
BROoK_-_linE posts ante 250
badaboue38 posts ante 250
manggy94 posts ante 250
lecloch posts small blind 1000
Kheatakaaar posts big blind 2000
Dealt to manggy94 [Kd 5d]
*** PRE-FLOP *** 
badaboue38 folds
manggy94 calls 2000
BROoK_-_linE folds
lecloch calls 1000
Kheatakaaar checks
*** FLOP *** [6d 2h Td]
lecloch checks
Kheatakaaar checks
manggy94 checks
*** TURN *** [6d 2h Td][3s]
lecloch bets 2417
Kheatakaaar folds
manggy94 calls 2417
*** RIVER *** [6d 2h Td 3s][Qh]
lecloch checks
manggy94 checks
*** SHOW DOWN ***
manggy94 shows [Kd 5d] (High card : King)
lecloch shows [6c Ad] (One pair : 6)
lecloch collected 12084 from pot
*** SUMMARY ***
Total pot 12084 | No rake
Board: [6d 2h Td 3s Qh]
Seat 2: lecloch (small blind) showed [6c Ad] and won 12084 with One pair : 6
Seat 6: manggy94 showed [Kd 5d] and lost with High card : King


Winamax Poker - Tournament "Kill The Fish" buyIn: 4.50€ + 0.50€ level: 13 - HandId: #1353615396384538637-106-1577710295 - Holdem no limit (250/1000/2000) - 2019/12/30 12:51:35 UTC
Table: 'Kill The Fish(315163144)#012' 6-max (real money) Seat #2 is the button
Seat 1: modeprince (19094)
Seat 2: trolliKnows (35345)
Seat 3: IcallUback (95296)
Seat 4: DURDUR 37 (31550)
Seat 5: manggy94 (54168)
Seat 6: dockromuald (61130)
*** ANTE/BLINDS ***
IcallUback posts ante 250
DURDUR 37 posts ante 250
modeprince posts ante 250
trolliKnows posts ante 250
manggy94 posts ante 250
dockromuald posts ante 250
IcallUback posts small blind 1000
DURDUR 37 posts big blind 2000
Dealt to manggy94 [Tc 8d]
*** PRE-FLOP *** 
manggy94 folds
dockromuald folds
modeprince raises 16844 to 18844 and is all-in
trolliKnows folds
IcallUback folds
DURDUR 37 folds
modeprince collected 23344 from pot
*** SUMMARY ***
Total pot 23344 | No rake
Seat 1: modeprince won 23344


Winamax Poker - Tournament "Kill The Fish" buyIn: 4.50€ + 0.50€ level: 13 - HandId: #1353615396384538637-107-1577710317 - Holdem no limit (250/1000/2000) - 2019/12/30 12:51:57 UTC
Table: 'Kill The Fish(315163144)#012' 6-max (real money) Seat #3 is the button
Seat 1: modeprince (23344)
Seat 2: trolliKnows (35095)
Seat 3: IcallUback (94046)
Seat 4: DURDUR 37 (29300)
Seat 5: manggy94 (53918)
Seat 6: dockromuald (60880)
*** ANTE/BLINDS ***
DURDUR 37 posts ante 250
manggy94 posts ante 250
modeprince posts ante 250
trolliKnows posts ante 250
IcallUback posts ante 250
dockromuald posts ante 250
DURDUR 37 posts small blind 1000
manggy94 posts big blind 2000
Dealt to manggy94 [Qs 5h]
*** PRE-FLOP *** 
dockromuald folds
modeprince raises 21094 to 23094 and is all-in
trolliKnows folds
IcallUback folds
DURDUR 37 folds
manggy94 folds
modeprince collected 27594 from pot
*** SUMMARY ***
Total pot 27594 | No rake
Seat 1: modeprince won 27594


Winamax Poker - Tournament "Kill The Fish" buyIn: 4.50€ + 0.50€ level: 13 - HandId: #1353615396384538637-108-1577710347 - Holdem no limit (250/1000/2000) - 2019/12/30 12:52:27 UTC
Table: 'Kill The Fish(315163144)#012' 6-max (real money) Seat #4 is the button
Seat 1: modeprince (27594)
Seat 2: trolliKnows (34845)
Seat 3: IcallUback (93796)
Seat 4: DURDUR 37 (28050)
Seat 5: manggy94 (51668)
Seat 6: dockromuald (60630)
*** ANTE/BLINDS ***
manggy94 posts ante 250
dockromuald posts ante 250
modeprince posts ante 250
trolliKnows posts ante 250
IcallUback posts ante 250
DURDUR 37 posts ante 250
manggy94 posts small blind 1000
dockromuald posts big blind 2000
Dealt to manggy94 [4c 2s]
*** PRE-FLOP *** 
modeprince folds
trolliKnows folds
IcallUback folds
DURDUR 37 folds
manggy94 calls 1000
dockromuald checks
*** FLOP *** [4s 2d Qd]
manggy94 checks
dockromuald bets 2000
manggy94 calls 2000
*** TURN *** [4s 2d Qd][9c]
manggy94 checks
dockromuald bets 2000
manggy94 calls 2000
*** RIVER *** [4s 2d Qd 9c][3h]
manggy94 bets 2000
dockromuald calls 2000
*** SHOW DOWN ***
dockromuald shows [Js 4d] (One pair : 4)
manggy94 shows [4c 2s] (Two pairs : 4 and 2)
manggy94 collected 17500 from pot
*** SUMMARY ***
Total pot 17500 | No rake
Board: [4s 2d Qd 9c 3h]
Seat 5: manggy94 (small blind) showed [4c 2s] and won 17500 with Two pairs : 4 and 2
Seat 6: dockromuald (big blind) showed [Js 4d] and lost with One pair : 4


Winamax Poker - Tournament "Kill The Fish" buyIn: 4.50€ + 0.50€ level: 13 - HandId: #1353615396384538637-109-1577710415 - Holdem no limit (250/1000/2000) - 2019/12/30 12:53:35 UTC
Table: 'Kill The Fish(315163144)#012' 6-max (real money) Seat #5 is the button
Seat 1: modeprince (27344)
Seat 2: trolliKnows (34595)
Seat 3: IcallUback (93546)
Seat 4: DURDUR 37 (27800)
Seat 5: manggy94 (60918)
Seat 6: dockromuald (52380)
*** ANTE/BLINDS ***
dockromuald posts ante 250
modeprince posts ante 250
trolliKnows posts ante 250
IcallUback posts ante 250
DURDUR 37 posts ante 250
manggy94 posts ante 250
dockromuald posts small blind 1000
modeprince posts big blind 2000
Dealt to manggy94 [2d Ts]
*** PRE-FLOP *** 
trolliKnows folds
IcallUback folds
DURDUR 37 folds
manggy94 folds
dockromuald raises 4000 to 6000
modeprince calls 4000
*** FLOP *** [4d 3h 3c]
dockromuald bets 6750
modeprince folds
dockromuald collected 20250 from pot
*** SUMMARY ***
Total pot 20250 | No rake
Board: [4d 3h 3c]
Seat 6: dockromuald (small blind) won 20250


Winamax Poker - Tournament "Kill The Fish" buyIn: 4.50€ + 0.50€ level: 14 - HandId: #1353615396384538637-110-1577710471 - Holdem no limit (300/1250/2500) - 2019/12/30 12:54:31 UTC
Table: 'Kill The Fish(315163144)#012' 6-max (real money) Seat #6 is the button
Seat 1: modeprince (21094)
Seat 2: trolliKnows (34345)
Seat 3: IcallUback (93296)
Seat 4: DURDUR 37 (27550)
Seat 5: manggy94 (60668)
Seat 6: dockromuald (59630)
*** ANTE/BLINDS ***
modeprince posts ante 300
trolliKnows posts ante 300
IcallUback posts ante 300
DURDUR 37 posts ante 300
manggy94 posts ante 300
dockromuald posts ante 300
modeprince posts small blind 1250
trolliKnows posts big blind 2500
Dealt to manggy94 [Ks 6h]
*** PRE-FLOP *** 
IcallUback folds
DURDUR 37 folds
manggy94 folds
dockromuald folds
modeprince raises 18294 to 20794 and is all-in
trolliKnows folds
modeprince collected 25094 from pot
*** SUMMARY ***
Total pot 25094 | No rake
Seat 1: modeprince (small blind) won 25094


Winamax Poker - Tournament "Kill The Fish" buyIn: 4.50€ + 0.50€ level: 14 - HandId: #1353615396384538637-111-1577710494 - Holdem no limit (300/1250/2500) - 2019/12/30 12:54:54 UTC
Table: 'Kill The Fish(315163144)#012' 6-max (real money) Seat #1 is the button
Seat 1: modeprince (25094)
Seat 2: trolliKnows (31545)
Seat 3: IcallUback (92996)
Seat 4: DURDUR 37 (27250)
Seat 5: manggy94 (60368)
Seat 6: dockromuald (59330)
*** ANTE/BLINDS ***
trolliKnows posts ante 300
IcallUback posts ante 300
modeprince posts ante 300
DURDUR 37 posts ante 300
manggy94 posts ante 300
dockromuald posts ante 300
trolliKnows posts small blind 1250
IcallUback posts big blind 2500
Dealt to manggy94 [Tc 8c]
*** PRE-FLOP *** 
DURDUR 37 folds
manggy94 calls 2500
dockromuald folds
modeprince folds
trolliKnows folds
IcallUback checks
*** FLOP *** [Ts Qd 7d]
IcallUback checks
manggy94 bets 6038
IcallUback folds
manggy94 collected 14088 from pot
*** SUMMARY ***
Total pot 14088 | No rake
Board: [Ts Qd 7d]
Seat 5: manggy94 won 14088


Winamax Poker - Tournament "Kill The Fish" buyIn: 4.50€ + 0.50€ level: 14 - HandId: #1353615396384538637-112-1577710862 - Holdem no limit (300/1250/2500) - 2019/12/30 13:01:02 UTC
Table: 'Kill The Fish(315163144)#012' 6-max (real money) Seat #2 is the button
Seat 1: modeprince (24794)
Seat 2: trolliKnows (29995)
Seat 3: IcallUback (90196)
Seat 4: DURDUR 37 (26950)
Seat 5: manggy94 (65618)
Seat 6: dockromuald (59030)
*** ANTE/BLINDS ***
IcallUback posts ante 300
DURDUR 37 posts ante 300
modeprince posts ante 300
trolliKnows posts ante 300
manggy94 posts ante 300
dockromuald posts ante 300
IcallUback posts small blind 1250
DURDUR 37 posts big blind 2500
Dealt to manggy94 [Kd Qc]
*** PRE-FLOP *** 
manggy94 calls 2500
dockromuald folds
modeprince folds
trolliKnows folds
IcallUback folds
DURDUR 37 checks
*** FLOP *** [Td 8h 9d]
DURDUR 37 checks
manggy94 bets 2500
DURDUR 37 folds
manggy94 collected 10550 from pot
*** SUMMARY ***
Total pot 10550 | No rake
Board: [Td 8h 9d]
Seat 5: manggy94 won 10550


Winamax Poker - Tournament "Kill The Fish" buyIn: 4.50€ + 0.50€ level: 14 - HandId: #1353615396384538637-113-1577710983 - Holdem no limit (300/1250/2500) - 2019/12/30 13:03:03 UTC
Table: 'Kill The Fish(315163144)#012' 6-max (real money) Seat #3 is the button
Seat 1: modeprince (24494)
Seat 2: trolliKnows (29695)
Seat 3: IcallUback (88646)
Seat 4: DURDUR 37 (24150)
Seat 5: manggy94 (70868)
Seat 6: dockromuald (58730)
*** ANTE/BLINDS ***
DURDUR 37 posts ante 300
manggy94 posts ante 300
modeprince posts ante 300
trolliKnows posts ante 300
IcallUback posts ante 300
dockromuald posts ante 300
DURDUR 37 posts small blind 1250
manggy94 posts big blind 2500
Dealt to manggy94 [7d 4s]
*** PRE-FLOP *** 
dockromuald folds
modeprince folds
trolliKnows folds
IcallUback raises 2825 to 5325
DURDUR 37 folds
manggy94 folds
IcallUback collected 10875 from pot
*** SUMMARY ***
Total pot 10875 | No rake
Seat 3: IcallUback (button) won 10875


Winamax Poker - Tournament "Kill The Fish" buyIn: 4.50€ + 0.50€ level: 14 - HandId: #1353615396384538637-114-1577711024 - Holdem no limit (300/1250/2500) - 2019/12/30 13:03:44 UTC
Table: 'Kill The Fish(315163144)#012' 6-max (real money) Seat #4 is the button
Seat 1: modeprince (24194)
Seat 2: trolliKnows (29395)
Seat 3: IcallUback (93896)
Seat 4: DURDUR 37 (22600)
Seat 5: manggy94 (68068)
Seat 6: dockromuald (58430)
*** ANTE/BLINDS ***
manggy94 posts ante 300
dockromuald posts ante 300
modeprince posts ante 300
trolliKnows posts ante 300
IcallUback posts ante 300
DURDUR 37 posts ante 300
manggy94 posts small blind 1250
dockromuald posts big blind 2500
Dealt to manggy94 [2d 7d]
*** PRE-FLOP *** 
modeprince folds
trolliKnows raises 2500 to 5000
IcallUback folds
DURDUR 37 folds
manggy94 folds
dockromuald calls 2500
*** FLOP *** [Tc 5c 6c]
dockromuald checks
trolliKnows checks
*** TURN *** [Tc 5c 6c][4c]
dockromuald checks
trolliKnows checks
*** RIVER *** [Tc 5c 6c 4c][Qd]
dockromuald checks
trolliKnows bets 2500
dockromuald calls 2500
*** SHOW DOWN ***
dockromuald shows [Qs 2h] (One pair : Queens)
trolliKnows shows [Kc 2c] (Flush King high)
trolliKnows collected 18050 from pot
*** SUMMARY ***
Total pot 18050 | No rake
Board: [Tc 5c 6c 4c Qd]
Seat 2: trolliKnows showed [Kc 2c] and won 18050 with Flush King high
Seat 6: dockromuald (big blind) showed [Qs 2h] and lost with One pair : Queens


Winamax Poker - Tournament "Kill The Fish" buyIn: 4.50€ + 0.50€ level: 14 - HandId: #1353615396384538637-115-1577711081 - Holdem no limit (300/1250/2500) - 2019/12/30 13:04:41 UTC
Table: 'Kill The Fish(315163144)#012' 6-max (real money) Seat #5 is the button
Seat 1: modeprince (23894)
Seat 2: trolliKnows (39645)
Seat 3: IcallUback (93596)
Seat 4: DURDUR 37 (22300)
Seat 5: manggy94 (66518)
Seat 6: dockromuald (50630)
*** ANTE/BLINDS ***
dockromuald posts ante 300
modeprince posts ante 300
trolliKnows posts ante 300
IcallUback posts ante 300
DURDUR 37 posts ante 300
manggy94 posts ante 300
dockromuald posts small blind 1250
modeprince posts big blind 2500
Dealt to manggy94 [3c 4s]
*** PRE-FLOP *** 
trolliKnows folds
IcallUback folds
DURDUR 37 folds
manggy94 folds
dockromuald raises 2500 to 5000
modeprince calls 2500
*** FLOP *** [Kd 3d 5s]
dockromuald bets 11800
modeprince folds
dockromuald collected 23600 from pot
*** SUMMARY ***
Total pot 23600 | No rake
Board: [Kd 3d 5s]
Seat 6: dockromuald (small blind) won 23600


Winamax Poker - Tournament "Kill The Fish" buyIn: 4.50€ + 0.50€ level: 14 - HandId: #1353615396384538637-116-1577711142 - Holdem no limit (300/1250/2500) - 2019/12/30 13:05:42 UTC
Table: 'Kill The Fish(315163144)#012' 6-max (real money) Seat #6 is the button
Seat 1: modeprince (18594)
Seat 2: trolliKnows (39345)
Seat 3: IcallUback (93296)
Seat 4: DURDUR 37 (22000)
Seat 5: manggy94 (66218)
Seat 6: dockromuald (57130)
*** ANTE/BLINDS ***
modeprince posts ante 300
trolliKnows posts ante 300
IcallUback posts ante 300
DURDUR 37 posts ante 300
manggy94 posts ante 300
dockromuald posts ante 300
modeprince posts small blind 1250
trolliKnows posts big blind 2500
Dealt to manggy94 [2d Ah]
*** PRE-FLOP *** 
IcallUback folds
DURDUR 37 calls 2500
manggy94 calls 2500
dockromuald folds
modeprince calls 1250
trolliKnows checks
*** FLOP *** [Tc 3c Jc]
modeprince checks
trolliKnows checks
DURDUR 37 checks
manggy94 bets 5900
modeprince folds
trolliKnows folds
DURDUR 37 raises 5900 to 11800
manggy94 folds
DURDUR 37 collected 29500 from pot
*** SUMMARY ***
Total pot 29500 | No rake
Board: [Tc 3c Jc]
Seat 4: DURDUR 37 won 29500


Winamax Poker - Tournament "Kill The Fish" buyIn: 4.50€ + 0.50€ level: 15 - HandId: #1353615396384538637-117-1577711236 - Holdem no limit (400/1500/3000) - 2019/12/30 13:07:16 UTC
Table: 'Kill The Fish(315163144)#012' 6-max (real money) Seat #1 is the button
Seat 1: modeprince (15794)
Seat 2: trolliKnows (36545)
Seat 3: IcallUback (92996)
Seat 4: DURDUR 37 (36900)
Seat 5: manggy94 (57518)
Seat 6: dockromuald (56830)
*** ANTE/BLINDS ***
trolliKnows posts ante 400
IcallUback posts ante 400
modeprince posts ante 400
DURDUR 37 posts ante 400
manggy94 posts ante 400
dockromuald posts ante 400
trolliKnows posts small blind 1500
IcallUback posts big blind 3000
Dealt to manggy94 [Th 3s]
*** PRE-FLOP *** 
DURDUR 37 folds
manggy94 folds
dockromuald folds
modeprince folds
trolliKnows calls 1500
IcallUback raises 89596 to 92596 and is all-in
trolliKnows calls 33145 and is all-in
*** FLOP *** [2c Ah 4h]
*** TURN *** [2c Ah 4h][8s]
*** RIVER *** [2c Ah 4h 8s][Js]
*** SHOW DOWN ***
trolliKnows shows [6c 6s] (One pair : 6)
IcallUback shows [7d Ad] (One pair : Aces)
IcallUback collected 131141 from pot
*** SUMMARY ***
Total pot 131141 | No rake
Board: [2c Ah 4h 8s Js]
Seat 2: trolliKnows (small blind) showed [6c 6s] and lost with One pair : 6
Seat 3: IcallUback (big blind) showed [7d Ad] and won 131141 with One pair : Aces


Winamax Poker - Tournament "Kill The Fish" buyIn: 4.50€ + 0.50€ level: 15 - HandId: #1353615396384538637-118-1577711271 - Holdem no limit (400/1500/3000) - 2019/12/30 13:07:51 UTC
Table: 'Kill The Fish(315163144)#012' 6-max (real money) Seat #2 is the button
Seat 1: modeprince (15394)
Seat 3: IcallUback (131141)
Seat 4: DURDUR 37 (36500)
Seat 5: manggy94 (57118)
Seat 6: dockromuald (56430)
*** ANTE/BLINDS ***
IcallUback posts ante 400
DURDUR 37 posts ante 400
modeprince posts ante 400
manggy94 posts ante 400
dockromuald posts ante 400
IcallUback posts small blind 1500
DURDUR 37 posts big blind 3000
Dealt to manggy94 [9s 3s]
*** PRE-FLOP *** 
manggy94 folds
dockromuald folds
modeprince folds
IcallUback raises 127741 to 130741 and is all-in
DURDUR 37 folds
IcallUback collected 135741 from pot
*** SUMMARY ***
Total pot 135741 | No rake
Seat 3: IcallUback (small blind) won 135741


Winamax Poker - Tournament "Kill The Fish" buyIn: 4.50€ + 0.50€ level: 15 - HandId: #1353615396384538637-119-1577711302 - Holdem no limit (400/1500/3000) - 2019/12/30 13:08:22 UTC
Table: 'Kill The Fish(315163144)#012' 6-max (real money) Seat #3 is the button
Seat 1: modeprince (14994)
Seat 3: IcallUback (135741)
Seat 4: DURDUR 37 (33100)
Seat 5: manggy94 (56718)
Seat 6: dockromuald (56030)
*** ANTE/BLINDS ***
DURDUR 37 posts ante 400
manggy94 posts ante 400
modeprince posts ante 400
IcallUback posts ante 400
dockromuald posts ante 400
DURDUR 37 posts small blind 1500
manggy94 posts big blind 3000
Dealt to manggy94 [As 6d]
*** PRE-FLOP *** 
dockromuald folds
modeprince folds
IcallUback folds
DURDUR 37 calls 1500
manggy94 checks
*** FLOP *** [Ks Kh Jd]
DURDUR 37 checks
manggy94 bets 8000
DURDUR 37 folds
manggy94 collected 16000 from pot
*** SUMMARY ***
Total pot 16000 | No rake
Board: [Ks Kh Jd]
Seat 5: manggy94 (big blind) won 16000


Winamax Poker - Tournament "Kill The Fish" buyIn: 4.50€ + 0.50€ level: 15 - HandId: #1353615396384538637-120-1577711341 - Holdem no limit (400/1500/3000) - 2019/12/30 13:09:01 UTC
Table: 'Kill The Fish(315163144)#012' 6-max (real money) Seat #4 is the button
Seat 1: modeprince (14594)
Seat 3: IcallUback (135341)
Seat 4: DURDUR 37 (29700)
Seat 5: manggy94 (61318)
Seat 6: dockromuald (55630)
*** ANTE/BLINDS ***
manggy94 posts ante 400
dockromuald posts ante 400
modeprince posts ante 400
IcallUback posts ante 400
DURDUR 37 posts ante 400
manggy94 posts small blind 1500
dockromuald posts big blind 3000
Dealt to manggy94 [Ah 2s]
*** PRE-FLOP *** 
modeprince folds
IcallUback folds
DURDUR 37 folds
manggy94 raises 3000 to 6000
dockromuald calls 3000
*** FLOP *** [Jh 9c Js]
manggy94 checks
dockromuald checks
*** TURN *** [Jh 9c Js][2d]
manggy94 bets 7000
dockromuald folds
manggy94 collected 21000 from pot
*** SUMMARY ***
Total pot 21000 | No rake
Board: [Jh 9c Js 2d]
Seat 5: manggy94 (small blind) won 21000


Winamax Poker - Tournament "Kill The Fish" buyIn: 4.50€ + 0.50€ level: 15 - HandId: #1353615396384538637-121-1577711365 - Holdem no limit (400/1500/3000) - 2019/12/30 13:09:25 UTC
Table: 'Kill The Fish(315163144)#012' 6-max (real money) Seat #5 is the button
Seat 1: modeprince (14194)
Seat 3: IcallUback (134941)
Seat 4: DURDUR 37 (29300)
Seat 5: manggy94 (68918)
Seat 6: dockromuald (49230)
*** ANTE/BLINDS ***
dockromuald posts ante 400
modeprince posts ante 400
IcallUback posts ante 400
DURDUR 37 posts ante 400
manggy94 posts ante 400
dockromuald posts small blind 1500
modeprince posts big blind 3000
Dealt to manggy94 [Qc Ts]
*** PRE-FLOP *** 
IcallUback folds
DURDUR 37 calls 3000
manggy94 calls 3000
dockromuald calls 1500
modeprince checks
*** FLOP *** [5d 2h 7s]
dockromuald checks
modeprince checks
DURDUR 37 checks
manggy94 bets 3000
dockromuald calls 3000
modeprince folds
DURDUR 37 calls 3000
*** TURN *** [5d 2h 7s][5h]
dockromuald checks
DURDUR 37 checks
manggy94 bets 11500
dockromuald folds
DURDUR 37 folds
manggy94 collected 34500 from pot
*** SUMMARY ***
Total pot 34500 | No rake
Board: [5d 2h 7s 5h]
Seat 5: manggy94 (button) won 34500


Winamax Poker - Tournament "Kill The Fish" buyIn: 4.50€ + 0.50€ level: 15 - HandId: #1353615396384538637-122-1577711432 - Holdem no limit (400/1500/3000) - 2019/12/30 13:10:32 UTC
Table: 'Kill The Fish(315163144)#012' 6-max (real money) Seat #6 is the button
Seat 1: modeprince (10794)
Seat 2: xSHARKoPHAGE (79607)
Seat 3: IcallUback (134541)
Seat 4: DURDUR 37 (22900)
Seat 5: manggy94 (85518)
Seat 6: dockromuald (42830)
*** ANTE/BLINDS ***
modeprince posts ante 400
xSHARKoPHAGE posts ante 400
IcallUback posts ante 400
DURDUR 37 posts ante 400
manggy94 posts ante 400
dockromuald posts ante 400
modeprince posts small blind 1500
xSHARKoPHAGE posts big blind 3000
Dealt to manggy94 [Jh 4c]
*** PRE-FLOP *** 
IcallUback folds
DURDUR 37 folds
manggy94 folds
dockromuald raises 39430 to 42430 and is all-in
modeprince folds
xSHARKoPHAGE folds
dockromuald collected 49330 from pot
*** SUMMARY ***
Total pot 49330 | No rake
Seat 6: dockromuald (button) won 49330


Winamax Poker - Tournament "Kill The Fish" buyIn: 4.50€ + 0.50€ level: 15 - HandId: #1353615396384538637-123-1577711465 - Holdem no limit (400/1500/3000) - 2019/12/30 13:11:05 UTC
Table: 'Kill The Fish(315163144)#012' 6-max (real money) Seat #1 is the button
Seat 1: modeprince (8894)
Seat 2: xSHARKoPHAGE (76207)
Seat 3: IcallUback (134141)
Seat 4: DURDUR 37 (22500)
Seat 5: manggy94 (85118)
Seat 6: dockromuald (49330)
*** ANTE/BLINDS ***
xSHARKoPHAGE posts ante 400
IcallUback posts ante 400
modeprince posts ante 400
DURDUR 37 posts ante 400
manggy94 posts ante 400
dockromuald posts ante 400
xSHARKoPHAGE posts small blind 1500
IcallUback posts big blind 3000
Dealt to manggy94 [Ac 5d]
*** PRE-FLOP *** 
DURDUR 37 folds
manggy94 calls 3000
dockromuald folds
modeprince folds
xSHARKoPHAGE calls 1500
IcallUback checks
*** FLOP *** [Js 6c 7d]
xSHARKoPHAGE checks
IcallUback checks
manggy94 bets 5700
xSHARKoPHAGE raises 8835 to 14535
IcallUback folds
manggy94 calls 8835
*** TURN *** [Js 6c 7d][8s]
xSHARKoPHAGE bets 58272 and is all-in
manggy94 folds
xSHARKoPHAGE collected 98742 from pot
*** SUMMARY ***
Total pot 98742 | No rake
Board: [Js 6c 7d 8s]
Seat 2: xSHARKoPHAGE (small blind) won 98742


Winamax Poker - Tournament "Kill The Fish" buyIn: 4.50€ + 0.50€ level: 16 - HandId: #1353615396384538637-124-1577711523 - Holdem no limit (500/2000/4000) - 2019/12/30 13:12:03 UTC
Table: 'Kill The Fish(315163144)#012' 6-max (real money) Seat #2 is the button
Seat 1: modeprince (8494)
Seat 2: xSHARKoPHAGE (98742)
Seat 3: IcallUback (130741)
Seat 4: DURDUR 37 (22100)
Seat 5: manggy94 (67183)
Seat 6: dockromuald (48930)
*** ANTE/BLINDS ***
IcallUback posts ante 500
DURDUR 37 posts ante 500
modeprince posts ante 500
xSHARKoPHAGE posts ante 500
manggy94 posts ante 500
dockromuald posts ante 500
IcallUback posts small blind 2000
DURDUR 37 posts big blind 4000
Dealt to manggy94 [4s Td]
*** PRE-FLOP *** 
manggy94 folds
dockromuald raises 8000 to 12000
modeprince calls 7994 and is all-in
xSHARKoPHAGE folds
IcallUback folds
DURDUR 37 folds
*** FLOP *** [6s 9s Kc]
*** TURN *** [6s 9s Kc][9d]
*** RIVER *** [6s 9s Kc 9d][Qh]
*** SHOW DOWN ***
modeprince shows [5s Ac] (One pair : 9)
dockromuald shows [Ad 7h] (One pair : 9)
dockromuald collected 16500 from side pot 1
modeprince collected 12494 from main pot
*** SUMMARY ***
Total pot 28994 | No rake
Board: [6s 9s Kc 9d Qh]
Seat 1: modeprince showed [5s Ac] and won 12494 with One pair : 9
Seat 6: dockromuald showed [Ad 7h] and won 16500 with One pair : 9


Winamax Poker - Tournament "Kill The Fish" buyIn: 4.50€ + 0.50€ level: 16 - HandId: #1353615396384538637-125-1577711550 - Holdem no limit (500/2000/4000) - 2019/12/30 13:12:30 UTC
Table: 'Kill The Fish(315163144)#012' 6-max (real money) Seat #3 is the button
Seat 1: modeprince (12494)
Seat 2: xSHARKoPHAGE (98242)
Seat 3: IcallUback (128241)
Seat 4: DURDUR 37 (17600)
Seat 5: manggy94 (66683)
Seat 6: dockromuald (52930)
*** ANTE/BLINDS ***
DURDUR 37 posts ante 500
manggy94 posts ante 500
modeprince posts ante 500
xSHARKoPHAGE posts ante 500
IcallUback posts ante 500
dockromuald posts ante 500
DURDUR 37 posts small blind 2000
manggy94 posts big blind 4000
Dealt to manggy94 [9s Tc]
*** PRE-FLOP *** 
dockromuald folds
modeprince folds
xSHARKoPHAGE raises 4000 to 8000
IcallUback folds
DURDUR 37 raises 9100 to 17100 and is all-in
manggy94 folds
xSHARKoPHAGE calls 9100
*** FLOP *** [Qh Ad 6s]
*** TURN *** [Qh Ad 6s][4c]
*** RIVER *** [Qh Ad 6s 4c][Js]
*** SHOW DOWN ***
xSHARKoPHAGE shows [Ah 7d] (One pair : Aces)
DURDUR 37 shows [6d 6c] (Trips of 6)
DURDUR 37 collected 41200 from pot
*** SUMMARY ***
Total pot 41200 | No rake
Board: [Qh Ad 6s 4c Js]
Seat 2: xSHARKoPHAGE showed [Ah 7d] and lost with One pair : Aces
Seat 4: DURDUR 37 (small blind) showed [6d 6c] and won 41200 with Trips of 6


Winamax Poker - Tournament "Kill The Fish" buyIn: 4.50€ + 0.50€ level: 16 - HandId: #1353615396384538637-126-1577711581 - Holdem no limit (500/2000/4000) - 2019/12/30 13:13:01 UTC
Table: 'Kill The Fish(315163144)#012' 6-max (real money) Seat #4 is the button
Seat 1: modeprince (11994)
Seat 2: xSHARKoPHAGE (80642)
Seat 3: IcallUback (127741)
Seat 4: DURDUR 37 (41200)
Seat 5: manggy94 (62183)
Seat 6: dockromuald (52430)
*** ANTE/BLINDS ***
manggy94 posts ante 500
dockromuald posts ante 500
modeprince posts ante 500
xSHARKoPHAGE posts ante 500
IcallUback posts ante 500
DURDUR 37 posts ante 500
manggy94 posts small blind 2000
dockromuald posts big blind 4000
Dealt to manggy94 [6s Jd]
*** PRE-FLOP *** 
modeprince folds
xSHARKoPHAGE folds
IcallUback folds
DURDUR 37 folds
manggy94 calls 2000
dockromuald checks
*** FLOP *** [Ah Js 8d]
manggy94 bets 5500
dockromuald calls 5500
*** TURN *** [Ah Js 8d][Qc]
manggy94 checks
dockromuald checks
*** RIVER *** [Ah Js 8d Qc][5h]
manggy94 checks
dockromuald bets 11000
manggy94 calls 11000
*** SHOW DOWN ***
manggy94 shows [6s Jd] (One pair : Jacks)
dockromuald shows [9s Tc] (Straight Queen high)
dockromuald collected 44000 from pot
*** SUMMARY ***
Total pot 44000 | No rake
Board: [Ah Js 8d Qc 5h]
Seat 5: manggy94 (small blind) showed [6s Jd] and lost with One pair : Jacks
Seat 6: dockromuald (big blind) showed [9s Tc] and won 44000 with Straight Queen high


Winamax Poker - Tournament "Kill The Fish" buyIn: 4.50€ + 0.50€ level: 16 - HandId: #1353615396384538637-127-1577711642 - Holdem no limit (500/2000/4000) - 2019/12/30 13:14:02 UTC
Table: 'Kill The Fish(315163144)#012' 6-max (real money) Seat #5 is the button
Seat 1: modeprince (11494)
Seat 2: xSHARKoPHAGE (80142)
Seat 3: IcallUback (127241)
Seat 4: DURDUR 37 (40700)
Seat 5: manggy94 (41183)
Seat 6: dockromuald (75430)
*** ANTE/BLINDS ***
dockromuald posts ante 500
modeprince posts ante 500
xSHARKoPHAGE posts ante 500
IcallUback posts ante 500
DURDUR 37 posts ante 500
manggy94 posts ante 500
dockromuald posts small blind 2000
modeprince posts big blind 4000
Dealt to manggy94 [8d Qs]
*** PRE-FLOP *** 
xSHARKoPHAGE folds
IcallUback folds
DURDUR 37 folds
manggy94 calls 4000
dockromuald calls 2000
modeprince raises 6994 to 10994 and is all-in
manggy94 calls 6994
dockromuald calls 6994
*** FLOP *** [Jh 3d 9c]
dockromuald checks
manggy94 bets 17991
dockromuald folds
*** TURN *** [Jh 3d 9c][9s]
*** RIVER *** [Jh 3d 9c 9s][8s]
*** SHOW DOWN ***
modeprince shows [Kh 8h] (Two pairs : 9 and 8)
manggy94 shows [8d Qs] (Two pairs : 9 and 8)
manggy94 collected 17991 from side pot 1
modeprince collected 35982 from main pot
*** SUMMARY ***
Total pot 53973 | No rake
Board: [Jh 3d 9c 9s 8s]
Seat 1: modeprince (big blind) showed [Kh 8h] and won 35982 with Two pairs : 9 and 8
Seat 5: manggy94 (button) showed [8d Qs] and won 17991 with Two pairs : 9 and 8


Winamax Poker - Tournament "Kill The Fish" buyIn: 4.50€ + 0.50€ level: 16 - HandId: #1353615396384538637-128-1577711689 - Holdem no limit (500/2000/4000) - 2019/12/30 13:14:49 UTC
Table: 'Kill The Fish(315163144)#012' 6-max (real money) Seat #6 is the button
Seat 1: modeprince (35982)
Seat 2: xSHARKoPHAGE (79642)
Seat 3: IcallUback (126741)
Seat 4: DURDUR 37 (40200)
Seat 5: manggy94 (29689)
Seat 6: dockromuald (63936)
*** ANTE/BLINDS ***
modeprince posts ante 500
xSHARKoPHAGE posts ante 500
IcallUback posts ante 500
DURDUR 37 posts ante 500
manggy94 posts ante 500
dockromuald posts ante 500
modeprince posts small blind 2000
xSHARKoPHAGE posts big blind 4000
Dealt to manggy94 [5d 6s]
*** PRE-FLOP *** 
IcallUback folds
DURDUR 37 folds
manggy94 folds
dockromuald folds
modeprince calls 2000
xSHARKoPHAGE checks
*** FLOP *** [4d Qh Ad]
modeprince bets 5500
xSHARKoPHAGE folds
modeprince collected 16500 from pot
*** SUMMARY ***
Total pot 16500 | No rake
Board: [4d Qh Ad]
Seat 1: modeprince (small blind) won 16500


Winamax Poker - Tournament "Kill The Fish" buyIn: 4.50€ + 0.50€ level: 16 - HandId: #1353615396384538637-129-1577711736 - Holdem no limit (500/2000/4000) - 2019/12/30 13:15:36 UTC
Table: 'Kill The Fish(315163144)#012' 6-max (real money) Seat #1 is the button
Seat 1: modeprince (42482)
Seat 2: xSHARKoPHAGE (75142)
Seat 3: IcallUback (126241)
Seat 4: DURDUR 37 (39700)
Seat 5: manggy94 (29189)
Seat 6: dockromuald (63436)
*** ANTE/BLINDS ***
xSHARKoPHAGE posts ante 500
IcallUback posts ante 500
modeprince posts ante 500
DURDUR 37 posts ante 500
manggy94 posts ante 500
dockromuald posts ante 500
xSHARKoPHAGE posts small blind 2000
IcallUback posts big blind 4000
Dealt to manggy94 [Kd 7d]
*** PRE-FLOP *** 
DURDUR 37 calls 4000
manggy94 calls 4000
dockromuald folds
modeprince calls 4000
xSHARKoPHAGE calls 2000
IcallUback checks
*** FLOP *** [7s 5h 3c]
xSHARKoPHAGE checks
IcallUback checks
DURDUR 37 checks
manggy94 bets 24689 and is all-in
modeprince folds
xSHARKoPHAGE folds
IcallUback folds
DURDUR 37 folds
manggy94 collected 47689 from pot
*** SUMMARY ***
Total pot 47689 | No rake
Board: [7s 5h 3c]
Seat 5: manggy94 won 47689


Winamax Poker - Tournament "Kill The Fish" buyIn: 4.50€ + 0.50€ level: 16 - HandId: #1353615396384538625-142-1577711808 - Holdem no limit (500/2000/4000) - 2019/12/30 13:16:48 UTC
Table: 'Kill The Fish(315163144)#000' 6-max (real money) Seat #5 is the button
Seat 1: Joe Cadafi (72025)
Seat 2: pulsar94 (114835)
Seat 3: lenousducal (127502)
Seat 4: Rouch22 (284353)
Seat 5: Mathloco (36990)
Seat 6: manggy94 (47689)
*** ANTE/BLINDS ***
Joe Cadafi posts ante 500
pulsar94 posts ante 500
lenousducal posts ante 500
Rouch22 posts ante 500
Mathloco posts ante 500
Joe Cadafi posts small blind 2000
pulsar94 posts big blind 4000
*** PRE-FLOP *** 
lenousducal folds
Rouch22 raises 8000 to 12000
Mathloco folds
Joe Cadafi folds
pulsar94 folds
Rouch22 collected 20500 from pot
*** SUMMARY ***
Total pot 20500 | No rake
Seat 4: Rouch22 won 20500


Winamax Poker - Tournament "Kill The Fish" buyIn: 4.50€ + 0.50€ level: 16 - HandId: #1353615396384538625-143-1577711835 - Holdem no limit (500/2000/4000) - 2019/12/30 13:17:15 UTC
Table: 'Kill The Fish(315163144)#000' 6-max (real money) Seat #1 is the button
Seat 1: Joe Cadafi (69525)
Seat 2: pulsar94 (110335)
Seat 3: lenousducal (127002)
Seat 4: Rouch22 (292353)
Seat 5: Mathloco (36490)
Seat 6: manggy94 (47689)
*** ANTE/BLINDS ***
pulsar94 posts ante 500
lenousducal posts ante 500
Joe Cadafi posts ante 500
Rouch22 posts ante 500
Mathloco posts ante 500
manggy94 posts ante 500
pulsar94 posts small blind 2000
lenousducal posts big blind 4000
Dealt to manggy94 [6c Kd]
*** PRE-FLOP *** 
Rouch22 folds
Mathloco folds
manggy94 calls 4000
Joe Cadafi folds
pulsar94 folds
lenousducal checks
*** FLOP *** [Ad 8h 2h]
lenousducal checks
manggy94 bets 9750
lenousducal folds
manggy94 collected 22750 from pot
*** SUMMARY ***
Total pot 22750 | No rake
Board: [Ad 8h 2h]
Seat 6: manggy94 won 22750


Winamax Poker - Tournament "Kill The Fish" buyIn: 4.50€ + 0.50€ level: 17 - HandId: #1353615396384538625-144-1577711887 - Holdem no limit (600/2500/5000) - 2019/12/30 13:18:07 UTC
Table: 'Kill The Fish(315163144)#000' 6-max (real money) Seat #2 is the button
Seat 1: Joe Cadafi (69025)
Seat 2: pulsar94 (107835)
Seat 3: lenousducal (122502)
Seat 4: Rouch22 (291853)
Seat 5: Mathloco (35990)
Seat 6: manggy94 (56189)
*** ANTE/BLINDS ***
lenousducal posts ante 600
Rouch22 posts ante 600
Joe Cadafi posts ante 600
pulsar94 posts ante 600
Mathloco posts ante 600
manggy94 posts ante 600
lenousducal posts small blind 2500
Rouch22 posts big blind 5000
Dealt to manggy94 [Td 3h]
*** PRE-FLOP *** 
Mathloco folds
manggy94 folds
Joe Cadafi folds
pulsar94 folds
lenousducal folds
Rouch22 collected 11100 from pot
*** SUMMARY ***
Total pot 11100 | No rake
Seat 4: Rouch22 (big blind) won 11100


Winamax Poker - Tournament "Kill The Fish" buyIn: 4.50€ + 0.50€ level: 17 - HandId: #1353615396384538625-145-1577711901 - Holdem no limit (600/2500/5000) - 2019/12/30 13:18:21 UTC
Table: 'Kill The Fish(315163144)#000' 6-max (real money) Seat #3 is the button
Seat 1: Joe Cadafi (68425)
Seat 2: pulsar94 (107235)
Seat 3: lenousducal (119402)
Seat 4: Rouch22 (297353)
Seat 5: Mathloco (35390)
Seat 6: manggy94 (55589)
*** ANTE/BLINDS ***
Rouch22 posts ante 600
Mathloco posts ante 600
Joe Cadafi posts ante 600
pulsar94 posts ante 600
lenousducal posts ante 600
manggy94 posts ante 600
Rouch22 posts small blind 2500
Mathloco posts big blind 5000
Dealt to manggy94 [Qs 4h]
*** PRE-FLOP *** 
manggy94 folds
Joe Cadafi folds
pulsar94 raises 10000 to 15000
lenousducal folds
Rouch22 folds
Mathloco folds
pulsar94 collected 26100 from pot
*** SUMMARY ***
Total pot 26100 | No rake
Seat 2: pulsar94 won 26100


Winamax Poker - Tournament "Kill The Fish" buyIn: 4.50€ + 0.50€ level: 17 - HandId: #1353615396384538625-146-1577711918 - Holdem no limit (600/2500/5000) - 2019/12/30 13:18:38 UTC
Table: 'Kill The Fish(315163144)#000' 6-max (real money) Seat #4 is the button
Seat 1: Joe Cadafi (67825)
Seat 2: pulsar94 (117735)
Seat 3: lenousducal (118802)
Seat 4: Rouch22 (294253)
Seat 5: Mathloco (29790)
Seat 6: manggy94 (54989)
*** ANTE/BLINDS ***
Mathloco posts ante 600
manggy94 posts ante 600
Joe Cadafi posts ante 600
pulsar94 posts ante 600
lenousducal posts ante 600
Rouch22 posts ante 600
Mathloco posts small blind 2500
manggy94 posts big blind 5000
Dealt to manggy94 [Ks Td]
*** PRE-FLOP *** 
Joe Cadafi folds
pulsar94 folds
lenousducal folds
Rouch22 raises 7500 to 12500
Mathloco folds
manggy94 calls 7500
*** FLOP *** [Ts 5s Kh]
manggy94 checks
Rouch22 bets 15550
manggy94 calls 15550
*** TURN *** [Ts 5s Kh][6h]
manggy94 checks
Rouch22 checks
*** RIVER *** [Ts 5s Kh 6h][8c]
manggy94 bets 26339 and is all-in
Rouch22 folds
manggy94 collected 88539 from pot
*** SUMMARY ***
Total pot 88539 | No rake
Board: [Ts 5s Kh 6h 8c]
Seat 6: manggy94 (big blind) won 88539


Winamax Poker - Tournament "Kill The Fish" buyIn: 4.50€ + 0.50€ level: 17 - HandId: #1353615396384538625-147-1577711991 - Holdem no limit (600/2500/5000) - 2019/12/30 13:19:51 UTC
Table: 'Kill The Fish(315163144)#000' 6-max (real money) Seat #5 is the button
Seat 1: Joe Cadafi (67225)
Seat 2: pulsar94 (117135)
Seat 3: lenousducal (118202)
Seat 4: Rouch22 (265603)
Seat 5: Mathloco (26690)
Seat 6: manggy94 (88539)
*** ANTE/BLINDS ***
manggy94 posts ante 600
Joe Cadafi posts ante 600
pulsar94 posts ante 600
lenousducal posts ante 600
Rouch22 posts ante 600
Mathloco posts ante 600
manggy94 posts small blind 2500
Joe Cadafi posts big blind 5000
Dealt to manggy94 [2d Ts]
*** PRE-FLOP *** 
pulsar94 folds
lenousducal folds
Rouch22 raises 7500 to 12500
Mathloco folds
manggy94 folds
Joe Cadafi folds
Rouch22 collected 23600 from pot
*** SUMMARY ***
Total pot 23600 | No rake
Seat 4: Rouch22 won 23600


Winamax Poker - Tournament "Kill The Fish" buyIn: 4.50€ + 0.50€ level: 17 - HandId: #1353615396384538625-148-1577712019 - Holdem no limit (600/2500/5000) - 2019/12/30 13:20:19 UTC
Table: 'Kill The Fish(315163144)#000' 6-max (real money) Seat #6 is the button
Seat 1: Joe Cadafi (61625)
Seat 2: pulsar94 (116535)
Seat 3: lenousducal (117602)
Seat 4: Rouch22 (276103)
Seat 5: Mathloco (26090)
Seat 6: manggy94 (85439)
*** ANTE/BLINDS ***
Joe Cadafi posts ante 600
pulsar94 posts ante 600
lenousducal posts ante 600
Rouch22 posts ante 600
Mathloco posts ante 600
manggy94 posts ante 600
Joe Cadafi posts small blind 2500
pulsar94 posts big blind 5000
Dealt to manggy94 [Qh Qs]
*** PRE-FLOP *** 
lenousducal folds
Rouch22 folds
Mathloco folds
manggy94 raises 16100 to 21100
Joe Cadafi folds
pulsar94 folds
manggy94 collected 32200 from pot
*** SUMMARY ***
Total pot 32200 | No rake
Seat 6: manggy94 (button) won 32200


Winamax Poker - Tournament "Kill The Fish" buyIn: 4.50€ + 0.50€ level: 17 - HandId: #1353615396384538625-149-1577712051 - Holdem no limit (600/2500/5000) - 2019/12/30 13:20:51 UTC
Table: 'Kill The Fish(315163144)#000' 6-max (real money) Seat #1 is the button
Seat 1: Joe Cadafi (58525)
Seat 2: pulsar94 (110935)
Seat 3: lenousducal (117002)
Seat 4: Rouch22 (275503)
Seat 5: Mathloco (25490)
Seat 6: manggy94 (95939)
*** ANTE/BLINDS ***
pulsar94 posts ante 600
lenousducal posts ante 600
Joe Cadafi posts ante 600
Rouch22 posts ante 600
Mathloco posts ante 600
manggy94 posts ante 600
pulsar94 posts small blind 2500
lenousducal posts big blind 5000
Dealt to manggy94 [8c 8h]
*** PRE-FLOP *** 
Rouch22 folds
Mathloco raises 19890 to 24890 and is all-in
manggy94 calls 24890
Joe Cadafi folds
pulsar94 folds
lenousducal raises 91512 to 116402 and is all-in
manggy94 calls 70449 and is all-in
*** FLOP *** [6s Js 2c]
*** TURN *** [6s Js 2c][2h]
*** RIVER *** [6s Js 2c 2h][Qh]
*** SHOW DOWN ***
Mathloco shows [5c As] (One pair : 2)
manggy94 shows [8c 8h] (Two pairs : 8 and 2)
lenousducal shows [Qs Qd] (Full of Queens and 2)
lenousducal collected 242731 from pot
*** SUMMARY ***
Total pot 242731 | No rake
Board: [6s Js 2c 2h Qh]
Seat 3: lenousducal (big blind) showed [Qs Qd] and won 242731 with Full of Queens and 2
Seat 5: Mathloco showed [5c As] and lost with One pair : 2
Seat 6: manggy94 showed [8c 8h] and lost with Two pairs : 8 and 2


