Winamax Poker - Tournament "Kill The Fish" buyIn: 4.50€ + 0.50€ level: 9136152 - HandId: #1117673000066351140-1-1546443823 - Holdem no limit (20/100/200) - 2019/01/02 15:43:43 UTC
Table: 'Kill The Fish(260228524)#035' 6-max (real money) Seat #6 is the button
Seat 1: Chattard2000 (18430)
Seat 2: Mamynova22 (18820)
Seat 3: Pff5blemjour (20000)
Seat 4: Alex3340 (20000)
Seat 6: manggy94 (20000)
*** ANTE/BLINDS ***
Chattard2000 posts ante 20
Pff5blemjour posts ante 20
manggy94 posts ante 20
Chattard2000 posts small blind 100
Pff5blemjour posts big blind 200
Dealt to manggy94 [4h Jd]
*** PRE-FLOP *** 
manggy94 raises 200 to 400
Chattard2000 raises 800 to 1200
Pff5blemjour folds
manggy94 calls 800
*** FLOP *** [9h Ac 9s]
Chattard2000 checks
manggy94 bets 1330
Chattard2000 calls 1330
*** TURN *** [9h Ac 9s][Th]
Chattard2000 checks
manggy94 checks
*** RIVER *** [9h Ac 9s Th][7h]
Chattard2000 checks
manggy94 bets 1200
Chattard2000 calls 1200
*** SHOW DOWN ***
manggy94 shows [4h Jd] (One pair : 9)
Chattard2000 shows [Kh Ks] (Two pairs : Kings and 9)
Chattard2000 collected 7720 from pot
*** SUMMARY ***
Total pot 7720 | No rake
Board: [9h Ac 9s Th 7h]
Seat 1: Chattard2000 (small blind) showed [Kh Ks] and won 7720 with Two pairs : Kings and 9
Seat 6: manggy94 (button) showed [4h Jd] and lost with One pair : 9


Winamax Poker - Tournament "Kill The Fish" buyIn: 4.50€ + 0.50€ level: 9136152 - HandId: #1117673000066351140-2-1546443864 - Holdem no limit (20/100/200) - 2019/01/02 15:44:24 UTC
Table: 'Kill The Fish(260228524)#035' 6-max (real money) Seat #1 is the button
Seat 1: Chattard2000 (22400)
Seat 2: Mamynova22 (18820)
Seat 3: Pff5blemjour (19780)
Seat 4: Alex3340 (20000)
Seat 5: oby woin (20000)
Seat 6: manggy94 (16250)
*** ANTE/BLINDS ***
Pff5blemjour posts ante 20
Alex3340 posts ante 20
Chattard2000 posts ante 20
oby woin posts ante 20
manggy94 posts ante 20
Pff5blemjour posts small blind 100
Alex3340 posts big blind 200
Dealt to manggy94 [7d Ts]
*** PRE-FLOP *** 
oby woin folds
manggy94 folds
Chattard2000 folds
Pff5blemjour calls 100
Alex3340 checks
*** FLOP *** [4h 3s 5d]
Pff5blemjour checks
Alex3340 checks
*** TURN *** [4h 3s 5d][4d]
Pff5blemjour checks
Alex3340 checks
*** RIVER *** [4h 3s 5d 4d][9c]
Pff5blemjour checks
Alex3340 checks
*** SHOW DOWN ***
Alex3340 shows [Kd 2c] (One pair : 4)
Pff5blemjour shows [7s Kh] (One pair : 4)
Pff5blemjour collected 500 from pot
*** SUMMARY ***
Total pot 500 | No rake
Board: [4h 3s 5d 4d 9c]
Seat 3: Pff5blemjour (small blind) showed [7s Kh] and won 500 with One pair : 4
Seat 4: Alex3340 (big blind) showed [Kd 2c] and lost with One pair : 4


Winamax Poker - Tournament "Kill The Fish" buyIn: 4.50€ + 0.50€ level: 9136152 - HandId: #1117673000066351140-3-1546443887 - Holdem no limit (20/100/200) - 2019/01/02 15:44:47 UTC
Table: 'Kill The Fish(260228524)#035' 6-max (real money) Seat #3 is the button
Seat 1: Chattard2000 (22380)
Seat 2: Mamynova22 (18820)
Seat 3: Pff5blemjour (20060)
Seat 4: Alex3340 (19780)
Seat 5: oby woin (19980)
Seat 6: manggy94 (16230)
*** ANTE/BLINDS ***
Alex3340 posts ante 20
oby woin posts ante 20
Chattard2000 posts ante 20
Mamynova22 posts ante 20
Pff5blemjour posts ante 20
manggy94 posts ante 20
Alex3340 posts small blind 100
oby woin posts big blind 200
Dealt to manggy94 [8s 2c]
*** PRE-FLOP *** 
manggy94 folds
Chattard2000 folds
Mamynova22 calls 200
Pff5blemjour folds
Alex3340 folds
oby woin checks
*** FLOP *** [5s 4d 9s]
oby woin checks
Mamynova22 checks
*** TURN *** [5s 4d 9s][6d]
oby woin checks
Mamynova22 checks
*** RIVER *** [5s 4d 9s 6d][Ah]
oby woin checks
Mamynova22 checks
*** SHOW DOWN ***
oby woin shows [3h 8c] (High card : Ace)
Mamynova22 shows [Tc Qd] (High card : Ace)
Mamynova22 collected 620 from pot
*** SUMMARY ***
Total pot 620 | No rake
Board: [5s 4d 9s 6d Ah]
Seat 2: Mamynova22 showed [Tc Qd] and won 620 with High card : Ace
Seat 5: oby woin (big blind) showed [3h 8c] and lost with High card : Ace


Winamax Poker - Tournament "Kill The Fish" buyIn: 4.50€ + 0.50€ level: 9136152 - HandId: #1117673000066351140-4-1546443934 - Holdem no limit (20/100/200) - 2019/01/02 15:45:34 UTC
Table: 'Kill The Fish(260228524)#035' 6-max (real money) Seat #4 is the button
Seat 1: Chattard2000 (22360)
Seat 2: Mamynova22 (19220)
Seat 3: Pff5blemjour (20040)
Seat 4: Alex3340 (19660)
Seat 5: oby woin (19760)
Seat 6: manggy94 (16210)
*** ANTE/BLINDS ***
oby woin posts ante 20
manggy94 posts ante 20
Chattard2000 posts ante 20
Mamynova22 posts ante 20
Pff5blemjour posts ante 20
Alex3340 posts ante 20
oby woin posts small blind 100
manggy94 posts big blind 200
Dealt to manggy94 [5h Kh]
*** PRE-FLOP *** 
Chattard2000 folds
Mamynova22 folds
Pff5blemjour folds
Alex3340 folds
oby woin calls 100
manggy94 raises 400 to 600
oby woin calls 400
*** FLOP *** [As 5d Qc]
oby woin checks
manggy94 checks
*** TURN *** [As 5d Qc][Td]
oby woin checks
manggy94 checks
*** RIVER *** [As 5d Qc Td][6c]
oby woin checks
manggy94 checks
*** SHOW DOWN ***
oby woin shows [Js 9h] (High card : Ace)
manggy94 shows [5h Kh] (One pair : 5)
manggy94 collected 1320 from pot
*** SUMMARY ***
Total pot 1320 | No rake
Board: [As 5d Qc Td 6c]
Seat 5: oby woin (small blind) showed [Js 9h] and lost with High card : Ace
Seat 6: manggy94 (big blind) showed [5h Kh] and won 1320 with One pair : 5


Winamax Poker - Tournament "Kill The Fish" buyIn: 4.50€ + 0.50€ level: 9136152 - HandId: #1117673000066351140-5-1546443967 - Holdem no limit (20/100/200) - 2019/01/02 15:46:07 UTC
Table: 'Kill The Fish(260228524)#035' 6-max (real money) Seat #5 is the button
Seat 1: Chattard2000 (22340)
Seat 2: Mamynova22 (19200)
Seat 3: Pff5blemjour (20020)
Seat 4: Alex3340 (19640)
Seat 5: oby woin (19140)
Seat 6: manggy94 (16910)
*** ANTE/BLINDS ***
manggy94 posts ante 20
Chattard2000 posts ante 20
Mamynova22 posts ante 20
Pff5blemjour posts ante 20
Alex3340 posts ante 20
oby woin posts ante 20
manggy94 posts small blind 100
Chattard2000 posts big blind 200
Dealt to manggy94 [Kc 5h]
*** PRE-FLOP *** 
Mamynova22 folds
Pff5blemjour folds
Alex3340 folds
oby woin folds
manggy94 folds
Chattard2000 collected 420 from pot
*** SUMMARY ***
Total pot 420 | No rake
Seat 1: Chattard2000 (big blind) won 420


Winamax Poker - Tournament "Kill The Fish" buyIn: 4.50€ + 0.50€ level: 9136152 - HandId: #1117673000066351140-6-1546443978 - Holdem no limit (20/100/200) - 2019/01/02 15:46:18 UTC
Table: 'Kill The Fish(260228524)#035' 6-max (real money) Seat #6 is the button
Seat 1: Chattard2000 (22540)
Seat 2: Mamynova22 (19180)
Seat 3: Pff5blemjour (20000)
Seat 4: Alex3340 (19620)
Seat 5: oby woin (19120)
Seat 6: manggy94 (16790)
*** ANTE/BLINDS ***
Chattard2000 posts ante 20
Mamynova22 posts ante 20
Pff5blemjour posts ante 20
Alex3340 posts ante 20
oby woin posts ante 20
manggy94 posts ante 20
Chattard2000 posts small blind 100
Mamynova22 posts big blind 200
Dealt to manggy94 [Ad Jh]
*** PRE-FLOP *** 
Pff5blemjour folds
Alex3340 calls 200
oby woin folds
manggy94 raises 820 to 1020
Chattard2000 folds
Mamynova22 folds
Alex3340 calls 820
*** FLOP *** [5h 4d Qc]
Alex3340 checks
manggy94 bets 1230
Alex3340 folds
manggy94 collected 3690 from pot
*** SUMMARY ***
Total pot 3690 | No rake
Board: [5h 4d Qc]
Seat 6: manggy94 (button) won 3690


Winamax Poker - Tournament "Kill The Fish" buyIn: 4.50€ + 0.50€ level: 9136152 - HandId: #1117673000066351140-7-1546444024 - Holdem no limit (20/100/200) - 2019/01/02 15:47:04 UTC
Table: 'Kill The Fish(260228524)#035' 6-max (real money) Seat #1 is the button
Seat 1: Chattard2000 (22420)
Seat 2: Mamynova22 (18960)
Seat 3: Pff5blemjour (19980)
Seat 4: Alex3340 (18580)
Seat 5: oby woin (19100)
Seat 6: manggy94 (18210)
*** ANTE/BLINDS ***
Mamynova22 posts ante 20
Pff5blemjour posts ante 20
Chattard2000 posts ante 20
Alex3340 posts ante 20
oby woin posts ante 20
manggy94 posts ante 20
Mamynova22 posts small blind 100
Pff5blemjour posts big blind 200
Dealt to manggy94 [2h 8h]
*** PRE-FLOP *** 
Alex3340 folds
oby woin folds
manggy94 folds
Chattard2000 folds
Mamynova22 folds
Pff5blemjour collected 420 from pot
*** SUMMARY ***
Total pot 420 | No rake
Seat 3: Pff5blemjour (big blind) won 420


Winamax Poker - Tournament "Kill The Fish" buyIn: 4.50€ + 0.50€ level: 9136152 - HandId: #1117673000066351140-8-1546444053 - Holdem no limit (20/100/200) - 2019/01/02 15:47:33 UTC
Table: 'Kill The Fish(260228524)#035' 6-max (real money) Seat #2 is the button
Seat 1: Chattard2000 (22400)
Seat 2: Mamynova22 (18840)
Seat 3: Pff5blemjour (20180)
Seat 4: Alex3340 (18560)
Seat 5: oby woin (19080)
Seat 6: manggy94 (18190)
*** ANTE/BLINDS ***
Pff5blemjour posts ante 20
Alex3340 posts ante 20
Chattard2000 posts ante 20
Mamynova22 posts ante 20
oby woin posts ante 20
manggy94 posts ante 20
Pff5blemjour posts small blind 100
Alex3340 posts big blind 200
Dealt to manggy94 [Ad 7c]
*** PRE-FLOP *** 
oby woin folds
manggy94 folds
Chattard2000 raises 300 to 500
Mamynova22 calls 500
Pff5blemjour folds
Alex3340 calls 300
*** FLOP *** [Tc 9h 2c]
Alex3340 checks
Chattard2000 checks
Mamynova22 checks
*** TURN *** [Tc 9h 2c][6h]
Alex3340 checks
Chattard2000 checks
Mamynova22 checks
*** RIVER *** [Tc 9h 2c 6h][Jd]
Alex3340 checks
Chattard2000 checks
Mamynova22 checks
*** SHOW DOWN ***
Chattard2000 shows [7d 5d] (High card : Jack)
Mamynova22 shows [Ac Qh] (High card : Ace)
Alex3340 shows [3h Jh] (One pair : Jacks)
Alex3340 collected 1720 from pot
*** SUMMARY ***
Total pot 1720 | No rake
Board: [Tc 9h 2c 6h Jd]
Seat 1: Chattard2000 showed [7d 5d] and lost with High card : Jack
Seat 2: Mamynova22 (button) showed [Ac Qh] and lost with High card : Ace
Seat 4: Alex3340 (big blind) showed [3h Jh] and won 1720 with One pair : Jacks


Winamax Poker - Tournament "Kill The Fish" buyIn: 4.50€ + 0.50€ level: 4 - HandId: #1117673000066351140-9-1546444106 - Holdem no limit (30/125/250) - 2019/01/02 15:48:26 UTC
Table: 'Kill The Fish(260228524)#035' 6-max (real money) Seat #3 is the button
Seat 1: Chattard2000 (21880)
Seat 2: Mamynova22 (18320)
Seat 3: Pff5blemjour (20060)
Seat 4: Alex3340 (19760)
Seat 5: oby woin (19060)
Seat 6: manggy94 (18170)
*** ANTE/BLINDS ***
Alex3340 posts ante 30
oby woin posts ante 30
Chattard2000 posts ante 30
Mamynova22 posts ante 30
Pff5blemjour posts ante 30
manggy94 posts ante 30
Alex3340 posts small blind 125
oby woin posts big blind 250
Dealt to manggy94 [7c 5h]
*** PRE-FLOP *** 
manggy94 folds
Chattard2000 folds
Mamynova22 folds
Pff5blemjour raises 500 to 750
Alex3340 folds
oby woin folds
Pff5blemjour collected 1305 from pot
*** SUMMARY ***
Total pot 1305 | No rake
Seat 3: Pff5blemjour (button) won 1305


Winamax Poker - Tournament "Kill The Fish" buyIn: 4.50€ + 0.50€ level: 4 - HandId: #1117673000066351140-10-1546444138 - Holdem no limit (30/125/250) - 2019/01/02 15:48:58 UTC
Table: 'Kill The Fish(260228524)#035' 6-max (real money) Seat #4 is the button
Seat 1: Chattard2000 (21850)
Seat 2: Mamynova22 (18290)
Seat 3: Pff5blemjour (20585)
Seat 4: Alex3340 (19605)
Seat 5: oby woin (18780)
Seat 6: manggy94 (18140)
*** ANTE/BLINDS ***
oby woin posts ante 30
manggy94 posts ante 30
Chattard2000 posts ante 30
Mamynova22 posts ante 30
Pff5blemjour posts ante 30
Alex3340 posts ante 30
oby woin posts small blind 125
manggy94 posts big blind 250
Dealt to manggy94 [Ts 3h]
*** PRE-FLOP *** 
Chattard2000 folds
Mamynova22 folds
Pff5blemjour folds
Alex3340 raises 500 to 750
oby woin folds
manggy94 folds
Alex3340 collected 1305 from pot
*** SUMMARY ***
Total pot 1305 | No rake
Seat 4: Alex3340 (button) won 1305


Winamax Poker - Tournament "Kill The Fish" buyIn: 4.50€ + 0.50€ level: 4 - HandId: #1117673000066351140-11-1546444186 - Holdem no limit (30/125/250) - 2019/01/02 15:49:46 UTC
Table: 'Kill The Fish(260228524)#035' 6-max (real money) Seat #5 is the button
Seat 1: Chattard2000 (21820)
Seat 3: Pff5blemjour (20555)
Seat 4: Alex3340 (20130)
Seat 5: oby woin (18625)
Seat 6: manggy94 (17860)
*** ANTE/BLINDS ***
manggy94 posts ante 30
Chattard2000 posts ante 30
Pff5blemjour posts ante 30
Alex3340 posts ante 30
oby woin posts ante 30
manggy94 posts small blind 125
Chattard2000 posts big blind 250
Dealt to manggy94 [7s Th]
*** PRE-FLOP *** 
Pff5blemjour folds
Alex3340 folds
oby woin folds
manggy94 folds
Chattard2000 collected 525 from pot
*** SUMMARY ***
Total pot 525 | No rake
Seat 1: Chattard2000 (big blind) won 525


Winamax Poker - Tournament "Kill The Fish" buyIn: 4.50€ + 0.50€ level: 4 - HandId: #1117673000066351140-12-1546444211 - Holdem no limit (30/125/250) - 2019/01/02 15:50:11 UTC
Table: 'Kill The Fish(260228524)#035' 6-max (real money) Seat #6 is the button
Seat 1: Chattard2000 (22065)
Seat 2: riomar95 (20000)
Seat 3: Pff5blemjour (20525)
Seat 4: Alex3340 (20100)
Seat 5: oby woin (18595)
Seat 6: manggy94 (17705)
*** ANTE/BLINDS ***
Chattard2000 posts ante 30
riomar95 posts ante 30
Pff5blemjour posts ante 30
Alex3340 posts ante 30
oby woin posts ante 30
manggy94 posts ante 30
Chattard2000 posts small blind 125
riomar95 posts big blind 250
Dealt to manggy94 [Kd Th]
*** PRE-FLOP *** 
Pff5blemjour folds
Alex3340 folds
oby woin calls 250
manggy94 raises 500 to 750
Chattard2000 calls 625
riomar95 calls 500
oby woin calls 500
*** FLOP *** [8c 6h 9c]
Chattard2000 checks
riomar95 checks
oby woin checks
manggy94 checks
*** TURN *** [8c 6h 9c][Ks]
Chattard2000 checks
riomar95 checks
oby woin checks
manggy94 bets 1590
Chattard2000 folds
riomar95 calls 1590
oby woin folds
*** RIVER *** [8c 6h 9c Ks][Qh]
riomar95 checks
manggy94 checks
*** SHOW DOWN ***
manggy94 shows [Kd Th] (One pair : Kings)
riomar95 shows [Tc Jh] (Straight King high)
riomar95 collected 6360 from pot
*** SUMMARY ***
Total pot 6360 | No rake
Board: [8c 6h 9c Ks Qh]
Seat 2: riomar95 (big blind) showed [Tc Jh] and won 6360 with Straight King high
Seat 6: manggy94 (button) showed [Kd Th] and lost with One pair : Kings


Winamax Poker - Tournament "Kill The Fish" buyIn: 4.50€ + 0.50€ level: 4 - HandId: #1117673000066351140-13-1546444315 - Holdem no limit (30/125/250) - 2019/01/02 15:51:55 UTC
Table: 'Kill The Fish(260228524)#035' 6-max (real money) Seat #1 is the button
Seat 1: Chattard2000 (21285)
Seat 2: riomar95 (23990)
Seat 3: Pff5blemjour (20495)
Seat 4: Alex3340 (20070)
Seat 5: oby woin (17815)
Seat 6: manggy94 (15335)
*** ANTE/BLINDS ***
riomar95 posts ante 30
Pff5blemjour posts ante 30
Chattard2000 posts ante 30
Alex3340 posts ante 30
oby woin posts ante 30
manggy94 posts ante 30
riomar95 posts small blind 125
Pff5blemjour posts big blind 250
Dealt to manggy94 [4h 4c]
*** PRE-FLOP *** 
Alex3340 folds
oby woin folds
manggy94 raises 500 to 750
Chattard2000 folds
riomar95 calls 625
Pff5blemjour calls 500
*** FLOP *** [Ad Ah 3d]
riomar95 checks
Pff5blemjour checks
manggy94 bets 2430
riomar95 folds
Pff5blemjour folds
manggy94 collected 4860 from pot
*** SUMMARY ***
Total pot 4860 | No rake
Board: [Ad Ah 3d]
Seat 6: manggy94 won 4860


Winamax Poker - Tournament "Kill The Fish" buyIn: 4.50€ + 0.50€ level: 4 - HandId: #1117673000066351140-14-1546444347 - Holdem no limit (30/125/250) - 2019/01/02 15:52:27 UTC
Table: 'Kill The Fish(260228524)#035' 6-max (real money) Seat #2 is the button
Seat 1: Chattard2000 (21255)
Seat 2: riomar95 (23210)
Seat 3: Pff5blemjour (19715)
Seat 4: Alex3340 (20040)
Seat 5: oby woin (17785)
Seat 6: manggy94 (16985)
*** ANTE/BLINDS ***
Pff5blemjour posts ante 30
Alex3340 posts ante 30
Chattard2000 posts ante 30
riomar95 posts ante 30
oby woin posts ante 30
manggy94 posts ante 30
Pff5blemjour posts small blind 125
Alex3340 posts big blind 250
Dealt to manggy94 [Ks Jh]
*** PRE-FLOP *** 
oby woin folds
manggy94 raises 1000 to 1250
Chattard2000 folds
riomar95 calls 1250
Pff5blemjour calls 1125
Alex3340 calls 1000
*** FLOP *** [9s 4h Js]
Pff5blemjour checks
Alex3340 checks
manggy94 bets 5180
riomar95 folds
Pff5blemjour folds
Alex3340 folds
manggy94 collected 10360 from pot
*** SUMMARY ***
Total pot 10360 | No rake
Board: [9s 4h Js]
Seat 6: manggy94 won 10360


Winamax Poker - Tournament "Kill The Fish" buyIn: 4.50€ + 0.50€ level: 4 - HandId: #1117673000066351140-15-1546444419 - Holdem no limit (30/125/250) - 2019/01/02 15:53:39 UTC
Table: 'Kill The Fish(260228524)#035' 6-max (real money) Seat #3 is the button
Seat 1: Chattard2000 (21225)
Seat 2: riomar95 (21930)
Seat 3: Pff5blemjour (18435)
Seat 4: Alex3340 (18760)
Seat 5: oby woin (17755)
Seat 6: manggy94 (20885)
*** ANTE/BLINDS ***
Alex3340 posts ante 30
oby woin posts ante 30
Chattard2000 posts ante 30
riomar95 posts ante 30
Pff5blemjour posts ante 30
manggy94 posts ante 30
Alex3340 posts small blind 125
oby woin posts big blind 250
Dealt to manggy94 [3d 8d]
*** PRE-FLOP *** 
manggy94 folds
Chattard2000 folds
riomar95 calls 250
Pff5blemjour raises 625 to 875
Alex3340 calls 750
oby woin folds
riomar95 calls 625
*** FLOP *** [Kh 4c Ac]
Alex3340 bets 1875
riomar95 folds
Pff5blemjour folds
Alex3340 collected 4930 from pot
*** SUMMARY ***
Total pot 4930 | No rake
Board: [Kh 4c Ac]
Seat 4: Alex3340 (small blind) won 4930


Winamax Poker - Tournament "Kill The Fish" buyIn: 4.50€ + 0.50€ level: 5 - HandId: #1117673000066351140-16-1546444455 - Holdem no limit (40/150/300) - 2019/01/02 15:54:15 UTC
Table: 'Kill The Fish(260228524)#035' 6-max (real money) Seat #4 is the button
Seat 1: Chattard2000 (21195)
Seat 2: riomar95 (21025)
Seat 3: Pff5blemjour (17530)
Seat 4: Alex3340 (20910)
Seat 5: oby woin (17475)
Seat 6: manggy94 (20855)
*** ANTE/BLINDS ***
oby woin posts ante 40
manggy94 posts ante 40
Chattard2000 posts ante 40
riomar95 posts ante 40
Pff5blemjour posts ante 40
Alex3340 posts ante 40
oby woin posts small blind 150
manggy94 posts big blind 300
Dealt to manggy94 [8s 3d]
*** PRE-FLOP *** 
Chattard2000 raises 450 to 750
riomar95 folds
Pff5blemjour folds
Alex3340 calls 750
oby woin folds
manggy94 folds
*** FLOP *** [7h 5h 7c]
Chattard2000 bets 700
Alex3340 calls 700
*** TURN *** [7h 5h 7c][2c]
Chattard2000 checks
Alex3340 bets 900
Chattard2000 folds
Alex3340 collected 4490 from pot
*** SUMMARY ***
Total pot 4490 | No rake
Board: [7h 5h 7c 2c]
Seat 4: Alex3340 (button) won 4490


Winamax Poker - Tournament "Kill The Fish" buyIn: 4.50€ + 0.50€ level: 5 - HandId: #1117673000066351140-17-1546444863 - Holdem no limit (40/150/300) - 2019/01/02 16:01:03 UTC
Table: 'Kill The Fish(260228524)#035' 6-max (real money) Seat #5 is the button
Seat 1: Chattard2000 (19705)
Seat 2: riomar95 (20985)
Seat 3: Pff5blemjour (17490)
Seat 4: Alex3340 (23010)
Seat 5: oby woin (17285)
Seat 6: manggy94 (20515)
*** ANTE/BLINDS ***
manggy94 posts ante 40
Chattard2000 posts ante 40
riomar95 posts ante 40
Pff5blemjour posts ante 40
Alex3340 posts ante 40
oby woin posts ante 40
manggy94 posts small blind 150
Chattard2000 posts big blind 300
Dealt to manggy94 [4c 6s]
*** PRE-FLOP *** 
riomar95 calls 300
Pff5blemjour folds
Alex3340 folds
oby woin calls 300
manggy94 folds
Chattard2000 checks
*** FLOP *** [Jh Th 3s]
Chattard2000 checks
riomar95 checks
oby woin checks
*** TURN *** [Jh Th 3s][5h]
Chattard2000 checks
riomar95 checks
oby woin checks
*** RIVER *** [Jh Th 3s 5h][Ts]
Chattard2000 checks
riomar95 checks
oby woin checks
*** SHOW DOWN ***
Chattard2000 shows [Kd 6h] (One pair : Tens)
riomar95 shows [7s 8s] (One pair : Tens)
oby woin shows [6c 6d] (Two pairs : Tens and 6)
oby woin collected 1290 from pot
*** SUMMARY ***
Total pot 1290 | No rake
Board: [Jh Th 3s 5h Ts]
Seat 1: Chattard2000 (big blind) showed [Kd 6h] and lost with One pair : Tens
Seat 2: riomar95 showed [7s 8s] and lost with One pair : Tens
Seat 5: oby woin (button) showed [6c 6d] and won 1290 with Two pairs : Tens and 6


Winamax Poker - Tournament "Kill The Fish" buyIn: 4.50€ + 0.50€ level: 5 - HandId: #1117673000066351140-18-1546444939 - Holdem no limit (40/150/300) - 2019/01/02 16:02:19 UTC
Table: 'Kill The Fish(260228524)#035' 6-max (real money) Seat #6 is the button
Seat 1: Chattard2000 (19365)
Seat 2: riomar95 (20645)
Seat 3: Pff5blemjour (17450)
Seat 4: Alex3340 (22970)
Seat 5: oby woin (18235)
Seat 6: manggy94 (20325)
*** ANTE/BLINDS ***
Chattard2000 posts ante 40
riomar95 posts ante 40
Pff5blemjour posts ante 40
Alex3340 posts ante 40
oby woin posts ante 40
manggy94 posts ante 40
Chattard2000 posts small blind 150
riomar95 posts big blind 300
Dealt to manggy94 [Ah 3h]
*** PRE-FLOP *** 
Pff5blemjour folds
Alex3340 calls 300
oby woin folds
manggy94 raises 600 to 900
Chattard2000 calls 750
riomar95 calls 600
Alex3340 calls 600
*** FLOP *** [5s 2s 7c]
Chattard2000 checks
riomar95 checks
Alex3340 checks
manggy94 checks
*** TURN *** [5s 2s 7c][Qc]
Chattard2000 checks
riomar95 checks
Alex3340 checks
manggy94 checks
*** RIVER *** [5s 2s 7c Qc][9d]
Chattard2000 bets 2500
riomar95 calls 2500
Alex3340 folds
manggy94 folds
*** SHOW DOWN ***
riomar95 shows [9h 2h] (Two pairs : 9 and 2)
Chattard2000 shows [9s 9c] (Trips of 9)
Chattard2000 collected 8840 from pot
*** SUMMARY ***
Total pot 8840 | No rake
Board: [5s 2s 7c Qc 9d]
Seat 1: Chattard2000 (small blind) showed [9s 9c] and won 8840 with Trips of 9
Seat 2: riomar95 (big blind) showed [9h 2h] and lost with Two pairs : 9 and 2


Winamax Poker - Tournament "Kill The Fish" buyIn: 4.50€ + 0.50€ level: 5 - HandId: #1117673000066351140-19-1546445002 - Holdem no limit (40/150/300) - 2019/01/02 16:03:22 UTC
Table: 'Kill The Fish(260228524)#035' 6-max (real money) Seat #1 is the button
Seat 1: Chattard2000 (24765)
Seat 2: riomar95 (17205)
Seat 3: Pff5blemjour (17410)
Seat 4: Alex3340 (22030)
Seat 5: oby woin (18195)
Seat 6: manggy94 (19385)
*** ANTE/BLINDS ***
riomar95 posts ante 40
Pff5blemjour posts ante 40
Chattard2000 posts ante 40
Alex3340 posts ante 40
oby woin posts ante 40
manggy94 posts ante 40
riomar95 posts small blind 150
Pff5blemjour posts big blind 300
Dealt to manggy94 [Kh Qd]
*** PRE-FLOP *** 
Alex3340 folds
oby woin folds
manggy94 calls 300
Chattard2000 calls 300
riomar95 calls 150
Pff5blemjour checks
*** FLOP *** [4c 9c Ks]
riomar95 checks
Pff5blemjour checks
manggy94 bets 1440
Chattard2000 folds
riomar95 folds
Pff5blemjour folds
manggy94 collected 2880 from pot
*** SUMMARY ***
Total pot 2880 | No rake
Board: [4c 9c Ks]
Seat 6: manggy94 won 2880


Winamax Poker - Tournament "Kill The Fish" buyIn: 4.50€ + 0.50€ level: 5 - HandId: #1117673000066351140-20-1546445055 - Holdem no limit (40/150/300) - 2019/01/02 16:04:15 UTC
Table: 'Kill The Fish(260228524)#035' 6-max (real money) Seat #2 is the button
Seat 1: Chattard2000 (24425)
Seat 2: riomar95 (16865)
Seat 3: Pff5blemjour (17070)
Seat 4: Alex3340 (21990)
Seat 5: oby woin (18155)
Seat 6: manggy94 (20485)
*** ANTE/BLINDS ***
Pff5blemjour posts ante 40
Alex3340 posts ante 40
Chattard2000 posts ante 40
riomar95 posts ante 40
oby woin posts ante 40
manggy94 posts ante 40
Pff5blemjour posts small blind 150
Alex3340 posts big blind 300
Dealt to manggy94 [Ks Qh]
*** PRE-FLOP *** 
oby woin folds
manggy94 raises 1200 to 1500
Chattard2000 folds
riomar95 calls 1500
Pff5blemjour folds
Alex3340 folds
*** FLOP *** [7s 8h 4d]
manggy94 checks
riomar95 checks
*** TURN *** [7s 8h 4d][5d]
manggy94 checks
riomar95 checks
*** RIVER *** [7s 8h 4d 5d][5c]
manggy94 bets 1050
riomar95 folds
manggy94 collected 4740 from pot
*** SUMMARY ***
Total pot 4740 | No rake
Board: [7s 8h 4d 5d 5c]
Seat 6: manggy94 won 4740


Winamax Poker - Tournament "Kill The Fish" buyIn: 4.50€ + 0.50€ level: 5 - HandId: #1117673000066351140-21-1546445157 - Holdem no limit (40/150/300) - 2019/01/02 16:05:57 UTC
Table: 'Kill The Fish(260228524)#035' 6-max (real money) Seat #3 is the button
Seat 1: Chattard2000 (24385)
Seat 2: riomar95 (15325)
Seat 3: Pff5blemjour (16880)
Seat 4: Alex3340 (21650)
Seat 5: oby woin (18115)
Seat 6: manggy94 (22635)
*** ANTE/BLINDS ***
Alex3340 posts ante 40
oby woin posts ante 40
Chattard2000 posts ante 40
riomar95 posts ante 40
Pff5blemjour posts ante 40
manggy94 posts ante 40
Alex3340 posts small blind 150
oby woin posts big blind 300
Dealt to manggy94 [5h Kd]
*** PRE-FLOP *** 
manggy94 folds
Chattard2000 folds
riomar95 folds
Pff5blemjour folds
Alex3340 raises 900 to 1200
oby woin folds
Alex3340 collected 1740 from pot
*** SUMMARY ***
Total pot 1740 | No rake
Seat 4: Alex3340 (small blind) won 1740


Winamax Poker - Tournament "Kill The Fish" buyIn: 4.50€ + 0.50€ level: 6 - HandId: #1117673000066351140-22-1546445202 - Holdem no limit (50/200/400) - 2019/01/02 16:06:42 UTC
Table: 'Kill The Fish(260228524)#035' 6-max (real money) Seat #4 is the button
Seat 1: Chattard2000 (24345)
Seat 2: riomar95 (15285)
Seat 3: Pff5blemjour (16840)
Seat 4: Alex3340 (22150)
Seat 5: oby woin (17775)
Seat 6: manggy94 (22595)
*** ANTE/BLINDS ***
oby woin posts ante 50
manggy94 posts ante 50
Chattard2000 posts ante 50
riomar95 posts ante 50
Pff5blemjour posts ante 50
Alex3340 posts ante 50
oby woin posts small blind 200
manggy94 posts big blind 400
Dealt to manggy94 [5s Th]
*** PRE-FLOP *** 
Chattard2000 folds
riomar95 folds
Pff5blemjour folds
Alex3340 folds
oby woin folds
manggy94 collected 900 from pot
*** SUMMARY ***
Total pot 900 | No rake
Seat 6: manggy94 (big blind) won 900


Winamax Poker - Tournament "Kill The Fish" buyIn: 4.50€ + 0.50€ level: 6 - HandId: #1117673000066351140-23-1546445213 - Holdem no limit (50/200/400) - 2019/01/02 16:06:53 UTC
Table: 'Kill The Fish(260228524)#035' 6-max (real money) Seat #5 is the button
Seat 1: Chattard2000 (24295)
Seat 2: riomar95 (15235)
Seat 3: Pff5blemjour (16790)
Seat 4: Alex3340 (22100)
Seat 5: oby woin (17525)
Seat 6: manggy94 (23045)
*** ANTE/BLINDS ***
manggy94 posts ante 50
Chattard2000 posts ante 50
riomar95 posts ante 50
Pff5blemjour posts ante 50
Alex3340 posts ante 50
oby woin posts ante 50
manggy94 posts small blind 200
Chattard2000 posts big blind 400
Dealt to manggy94 [4d 3h]
*** PRE-FLOP *** 
riomar95 raises 400 to 800
Pff5blemjour folds
Alex3340 folds
oby woin folds
manggy94 folds
Chattard2000 calls 400
*** FLOP *** [5d 5s Ts]
Chattard2000 checks
riomar95 bets 2100
Chattard2000 folds
riomar95 collected 4200 from pot
*** SUMMARY ***
Total pot 4200 | No rake
Board: [5d 5s Ts]
Seat 2: riomar95 won 4200


Winamax Poker - Tournament "Kill The Fish" buyIn: 4.50€ + 0.50€ level: 6 - HandId: #1117673000066351140-24-1546445253 - Holdem no limit (50/200/400) - 2019/01/02 16:07:33 UTC
Table: 'Kill The Fish(260228524)#035' 6-max (real money) Seat #6 is the button
Seat 1: Chattard2000 (23445)
Seat 2: riomar95 (16485)
Seat 3: Pff5blemjour (16740)
Seat 4: Alex3340 (22050)
Seat 5: oby woin (17475)
Seat 6: manggy94 (22795)
*** ANTE/BLINDS ***
Chattard2000 posts ante 50
riomar95 posts ante 50
Pff5blemjour posts ante 50
Alex3340 posts ante 50
oby woin posts ante 50
manggy94 posts ante 50
Chattard2000 posts small blind 200
riomar95 posts big blind 400
Dealt to manggy94 [4c Kc]
*** PRE-FLOP *** 
Pff5blemjour folds
Alex3340 folds
oby woin folds
manggy94 raises 400 to 800
Chattard2000 folds
riomar95 calls 400
*** FLOP *** [3h 5s 5h]
riomar95 checks
manggy94 bets 1050
riomar95 calls 1050
*** TURN *** [3h 5s 5h][Qs]
riomar95 checks
manggy94 checks
*** RIVER *** [3h 5s 5h Qs][Ks]
riomar95 bets 4200
manggy94 calls 4200
*** SHOW DOWN ***
riomar95 shows [Qc Jh] (Two pairs : Queens and 5)
manggy94 shows [4c Kc] (Two pairs : Kings and 5)
manggy94 collected 12600 from pot
*** SUMMARY ***
Total pot 12600 | No rake
Board: [3h 5s 5h Qs Ks]
Seat 2: riomar95 (big blind) showed [Qc Jh] and lost with Two pairs : Queens and 5
Seat 6: manggy94 (button) showed [4c Kc] and won 12600 with Two pairs : Kings and 5


Winamax Poker - Tournament "Kill The Fish" buyIn: 4.50€ + 0.50€ level: 6 - HandId: #1117673000066351140-25-1546445320 - Holdem no limit (50/200/400) - 2019/01/02 16:08:40 UTC
Table: 'Kill The Fish(260228524)#035' 6-max (real money) Seat #1 is the button
Seat 1: Chattard2000 (23195)
Seat 2: riomar95 (10385)
Seat 3: Pff5blemjour (16690)
Seat 5: oby woin (17425)
Seat 6: manggy94 (29295)
*** ANTE/BLINDS ***
riomar95 posts ante 50
Pff5blemjour posts ante 50
Chattard2000 posts ante 50
oby woin posts ante 50
manggy94 posts ante 50
riomar95 posts small blind 200
Pff5blemjour posts big blind 400
Dealt to manggy94 [Jh Tc]
*** PRE-FLOP *** 
oby woin folds
manggy94 raises 800 to 1200
Chattard2000 folds
riomar95 folds
Pff5blemjour folds
manggy94 collected 2050 from pot
*** SUMMARY ***
Total pot 2050 | No rake
Seat 6: manggy94 won 2050


Winamax Poker - Tournament "Kill The Fish" buyIn: 4.50€ + 0.50€ level: 6 - HandId: #1117673000066351140-26-1546445341 - Holdem no limit (50/200/400) - 2019/01/02 16:09:01 UTC
Table: 'Kill The Fish(260228524)#035' 6-max (real money) Seat #2 is the button
Seat 1: Chattard2000 (23145)
Seat 2: riomar95 (10135)
Seat 3: Pff5blemjour (16240)
Seat 5: oby woin (17375)
Seat 6: manggy94 (30095)
*** ANTE/BLINDS ***
Pff5blemjour posts ante 50
oby woin posts ante 50
Chattard2000 posts ante 50
riomar95 posts ante 50
manggy94 posts ante 50
Pff5blemjour posts small blind 200
oby woin posts big blind 400
Dealt to manggy94 [4c 4h]
*** PRE-FLOP *** 
manggy94 raises 800 to 1200
Chattard2000 folds
riomar95 raises 8885 to 10085 and is all-in
Pff5blemjour folds
oby woin raises 7240 to 17325 and is all-in
manggy94 folds
*** FLOP *** [2d 9h Ah]
*** TURN *** [2d 9h Ah][5c]
*** RIVER *** [2d 9h Ah 5c][8d]
*** SHOW DOWN ***
riomar95 shows [2s 2c] (Trips of 2)
oby woin shows [Qh Ac] (One pair : Aces)
oby woin collected 7240 from side pot 1
riomar95 collected 21820 from main pot
*** SUMMARY ***
Total pot 29060 | No rake
Board: [2d 9h Ah 5c 8d]
Seat 2: riomar95 (button) showed [2s 2c] and won 21820 with Trips of 2
Seat 5: oby woin (big blind) showed [Qh Ac] and won 7240 with One pair : Aces


Winamax Poker - Tournament "Kill The Fish" buyIn: 4.50€ + 0.50€ level: 6 - HandId: #1117673000066351140-27-1546445378 - Holdem no limit (50/200/400) - 2019/01/02 16:09:38 UTC
Table: 'Kill The Fish(260228524)#035' 6-max (real money) Seat #3 is the button
Seat 1: Chattard2000 (23095)
Seat 2: riomar95 (21820)
Seat 3: Pff5blemjour (15990)
Seat 4: doriangray92 (20000)
Seat 5: oby woin (7240)
Seat 6: manggy94 (28845)
*** ANTE/BLINDS ***
oby woin posts ante 50
manggy94 posts ante 50
Chattard2000 posts ante 50
riomar95 posts ante 50
Pff5blemjour posts ante 50
oby woin posts small blind 200
manggy94 posts big blind 400
Dealt to manggy94 [3c 2s]
*** PRE-FLOP *** 
Chattard2000 folds
riomar95 folds
Pff5blemjour raises 528 to 928
oby woin folds
manggy94 folds
Pff5blemjour collected 1778 from pot
*** SUMMARY ***
Total pot 1778 | No rake
Seat 3: Pff5blemjour (button) won 1778


Winamax Poker - Tournament "Kill The Fish" buyIn: 4.50€ + 0.50€ level: 6 - HandId: #1117673000066351140-28-1546445410 - Holdem no limit (50/200/400) - 2019/01/02 16:10:10 UTC
Table: 'Kill The Fish(260228524)#035' 6-max (real money) Seat #5 is the button
Seat 2: riomar95 (21770)
Seat 3: Pff5blemjour (16790)
Seat 4: doriangray92 (20000)
Seat 5: oby woin (6990)
Seat 6: manggy94 (28395)
*** ANTE/BLINDS ***
manggy94 posts ante 50
riomar95 posts ante 50
Pff5blemjour posts ante 50
doriangray92 posts ante 50
oby woin posts ante 50
manggy94 posts small blind 200
riomar95 posts big blind 400
Dealt to manggy94 [Ts 5c]
*** PRE-FLOP *** 
Pff5blemjour folds
doriangray92 folds
oby woin raises 6540 to 6940 and is all-in
manggy94 folds
riomar95 folds
oby woin collected 7790 from pot
*** SUMMARY ***
Total pot 7790 | No rake
Seat 5: oby woin (button) won 7790


Winamax Poker - Tournament "Kill The Fish" buyIn: 4.50€ + 0.50€ level: 6 - HandId: #1117673000066351140-29-1546445448 - Holdem no limit (50/200/400) - 2019/01/02 16:10:48 UTC
Table: 'Kill The Fish(260228524)#035' 6-max (real money) Seat #6 is the button
Seat 1: Rimtc420 (20000)
Seat 2: riomar95 (21320)
Seat 3: Pff5blemjour (16740)
Seat 4: doriangray92 (19950)
Seat 5: oby woin (7790)
Seat 6: manggy94 (28145)
*** ANTE/BLINDS ***
riomar95 posts ante 50
Pff5blemjour posts ante 50
doriangray92 posts ante 50
oby woin posts ante 50
manggy94 posts ante 50
riomar95 posts small blind 200
Pff5blemjour posts big blind 400
Dealt to manggy94 [3c 2s]
*** PRE-FLOP *** 
doriangray92 raises 600 to 1000
oby woin folds
manggy94 folds
riomar95 calls 800
Pff5blemjour folds
*** FLOP *** [7h 7s 4c]
riomar95 checks
doriangray92 bets 1325
riomar95 raises 5300 to 6625
doriangray92 folds
riomar95 collected 10600 from pot
*** SUMMARY ***
Total pot 10600 | No rake
Board: [7h 7s 4c]
Seat 2: riomar95 (small blind) won 10600


Winamax Poker - Tournament "Kill The Fish" buyIn: 4.50€ + 0.50€ level: 6 - HandId: #1117673000066351140-30-1546445493 - Holdem no limit (50/200/400) - 2019/01/02 16:11:33 UTC
Table: 'Kill The Fish(260228524)#035' 6-max (real money) Seat #2 is the button
Seat 1: Rimtc420 (20000)
Seat 2: riomar95 (24245)
Seat 3: Pff5blemjour (16290)
Seat 4: doriangray92 (17575)
Seat 5: oby woin (7740)
Seat 6: manggy94 (28095)
*** ANTE/BLINDS ***
Pff5blemjour posts ante 50
doriangray92 posts ante 50
Rimtc420 posts ante 50
riomar95 posts ante 50
oby woin posts ante 50
manggy94 posts ante 50
Pff5blemjour posts small blind 200
doriangray92 posts big blind 400
Dealt to manggy94 [8c 6c]
*** PRE-FLOP *** 
oby woin folds
manggy94 calls 400
Rimtc420 folds
riomar95 folds
Pff5blemjour calls 200
doriangray92 checks
*** FLOP *** [Qh Js 2d]
Pff5blemjour checks
doriangray92 checks
manggy94 checks
*** TURN *** [Qh Js 2d][Jd]
Pff5blemjour checks
doriangray92 bets 1000
manggy94 folds
Pff5blemjour folds
doriangray92 collected 2500 from pot
*** SUMMARY ***
Total pot 2500 | No rake
Board: [Qh Js 2d Jd]
Seat 4: doriangray92 (big blind) won 2500


Winamax Poker - Tournament "Kill The Fish" buyIn: 4.50€ + 0.50€ level: 7 - HandId: #1117673000066351140-31-1546445555 - Holdem no limit (60/250/500) - 2019/01/02 16:12:35 UTC
Table: 'Kill The Fish(260228524)#035' 6-max (real money) Seat #3 is the button
Seat 1: Rimtc420 (19950)
Seat 2: riomar95 (24195)
Seat 3: Pff5blemjour (15840)
Seat 4: doriangray92 (18625)
Seat 5: oby woin (7690)
Seat 6: manggy94 (27645)
*** ANTE/BLINDS ***
doriangray92 posts ante 60
oby woin posts ante 60
Rimtc420 posts ante 60
riomar95 posts ante 60
Pff5blemjour posts ante 60
manggy94 posts ante 60
doriangray92 posts small blind 250
oby woin posts big blind 500
Dealt to manggy94 [5d Qh]
*** PRE-FLOP *** 
manggy94 folds
Rimtc420 folds
riomar95 calls 500
Pff5blemjour raises 1275 to 1775
doriangray92 folds
oby woin folds
riomar95 calls 1275
*** FLOP *** [8d 4d 5c]
riomar95 checks
Pff5blemjour checks
*** TURN *** [8d 4d 5c][Jc]
riomar95 checks
Pff5blemjour bets 2250
riomar95 calls 2250
*** RIVER *** [8d 4d 5c Jc][3d]
riomar95 checks
Pff5blemjour checks
*** SHOW DOWN ***
Pff5blemjour shows [Kh Qc] (High card : King)
riomar95 shows [2s Ad] (Straight 5 high)
riomar95 collected 9160 from pot
*** SUMMARY ***
Total pot 9160 | No rake
Board: [8d 4d 5c Jc 3d]
Seat 2: riomar95 showed [2s Ad] and won 9160 with Straight 5 high
Seat 3: Pff5blemjour (button) showed [Kh Qc] and lost with High card : King


Winamax Poker - Tournament "Kill The Fish" buyIn: 4.50€ + 0.50€ level: 7 - HandId: #1117673000066351140-32-1546445609 - Holdem no limit (60/250/500) - 2019/01/02 16:13:29 UTC
Table: 'Kill The Fish(260228524)#035' 6-max (real money) Seat #4 is the button
Seat 1: Rimtc420 (19890)
Seat 2: riomar95 (29270)
Seat 3: Pff5blemjour (11755)
Seat 4: doriangray92 (18315)
Seat 5: oby woin (7130)
Seat 6: manggy94 (27585)
*** ANTE/BLINDS ***
oby woin posts ante 60
manggy94 posts ante 60
Rimtc420 posts ante 60
riomar95 posts ante 60
Pff5blemjour posts ante 60
doriangray92 posts ante 60
oby woin posts small blind 250
manggy94 posts big blind 500
Dealt to manggy94 [8s 6c]
*** PRE-FLOP *** 
Rimtc420 folds
riomar95 raises 500 to 1000
Pff5blemjour calls 1000
doriangray92 calls 1000
oby woin folds
manggy94 folds
*** FLOP *** [Kc Jd Qc]
riomar95 bets 4110
Pff5blemjour folds
doriangray92 calls 4110
*** TURN *** [Kc Jd Qc][Qh]
riomar95 bets 12330
doriangray92 calls 12330
*** RIVER *** [Kc Jd Qc Qh][Th]
riomar95 bets 11770 and is all-in
doriangray92 calls 815 and is all-in
*** SHOW DOWN ***
doriangray92 shows [Js Kh] (Two pairs : Kings and Queens)
riomar95 shows [Ks Ad] (Straight Ace high)
riomar95 collected 49575 from pot
*** SUMMARY ***
Total pot 49575 | No rake
Board: [Kc Jd Qc Qh Th]
Seat 2: riomar95 showed [Ks Ad] and won 49575 with Straight Ace high
Seat 4: doriangray92 (button) showed [Js Kh] and lost with Two pairs : Kings and Queens


Winamax Poker - Tournament "Kill The Fish" buyIn: 4.50€ + 0.50€ level: 7 - HandId: #1117673000066351140-33-1546445670 - Holdem no limit (60/250/500) - 2019/01/02 16:14:30 UTC
Table: 'Kill The Fish(260228524)#035' 6-max (real money) Seat #5 is the button
Seat 1: Rimtc420 (19830)
Seat 2: riomar95 (49575)
Seat 3: Pff5blemjour (10695)
Seat 5: oby woin (6820)
Seat 6: manggy94 (27025)
*** ANTE/BLINDS ***
manggy94 posts ante 60
Rimtc420 posts ante 60
riomar95 posts ante 60
Pff5blemjour posts ante 60
oby woin posts ante 60
manggy94 posts small blind 250
Rimtc420 posts big blind 500
Dealt to manggy94 [8d 7s]
*** PRE-FLOP *** 
riomar95 folds
Pff5blemjour folds
oby woin raises 500 to 1000
manggy94 folds
Rimtc420 folds
oby woin collected 2050 from pot
*** SUMMARY ***
Total pot 2050 | No rake
Seat 5: oby woin (button) won 2050


Winamax Poker - Tournament "Kill The Fish" buyIn: 4.50€ + 0.50€ level: 7 - HandId: #1117673000066351140-34-1546445691 - Holdem no limit (60/250/500) - 2019/01/02 16:14:51 UTC
Table: 'Kill The Fish(260228524)#035' 6-max (real money) Seat #6 is the button
Seat 1: Rimtc420 (19270)
Seat 2: riomar95 (49515)
Seat 3: Pff5blemjour (10635)
Seat 4: MRCROWN (20000)
Seat 5: oby woin (7810)
Seat 6: manggy94 (26715)
*** ANTE/BLINDS ***
Rimtc420 posts ante 60
riomar95 posts ante 60
Pff5blemjour posts ante 60
MRCROWN posts ante 60
oby woin posts ante 60
manggy94 posts ante 60
Rimtc420 posts small blind 250
riomar95 posts big blind 500
Dealt to manggy94 [6c Qc]
*** PRE-FLOP *** 
Pff5blemjour folds
MRCROWN folds
oby woin folds
manggy94 calls 500
Rimtc420 folds
riomar95 checks
*** FLOP *** [Qd Tc Ac]
riomar95 checks
manggy94 bets 805
riomar95 folds
manggy94 collected 2415 from pot
*** SUMMARY ***
Total pot 2415 | No rake
Board: [Qd Tc Ac]
Seat 6: manggy94 (button) won 2415


Winamax Poker - Tournament "Kill The Fish" buyIn: 4.50€ + 0.50€ level: 7 - HandId: #1117673000066351140-35-1546445722 - Holdem no limit (60/250/500) - 2019/01/02 16:15:22 UTC
Table: 'Kill The Fish(260228524)#035' 6-max (real money) Seat #1 is the button
Seat 1: Rimtc420 (18960)
Seat 2: riomar95 (48955)
Seat 3: Pff5blemjour (10575)
Seat 4: MRCROWN (19940)
Seat 5: oby woin (7750)
Seat 6: manggy94 (27765)
*** ANTE/BLINDS ***
riomar95 posts ante 60
Pff5blemjour posts ante 60
Rimtc420 posts ante 60
MRCROWN posts ante 60
oby woin posts ante 60
manggy94 posts ante 60
riomar95 posts small blind 250
Pff5blemjour posts big blind 500
Dealt to manggy94 [2d Ah]
*** PRE-FLOP *** 
MRCROWN folds
oby woin folds
manggy94 calls 500
Rimtc420 raises 1000 to 1500
riomar95 folds
Pff5blemjour folds
manggy94 calls 1000
*** FLOP *** [9c 3s As]
manggy94 bets 2055
Rimtc420 raises 3945 to 6000
manggy94 calls 3945
*** TURN *** [9c 3s As][9h]
manggy94 bets 20205 and is all-in
Rimtc420 folds
manggy94 collected 36315 from pot
*** SUMMARY ***
Total pot 36315 | No rake
Board: [9c 3s As 9h]
Seat 6: manggy94 won 36315


Winamax Poker - Tournament "Kill The Fish" buyIn: 4.50€ + 0.50€ level: 7 - HandId: #1117673000066351140-36-1546445793 - Holdem no limit (60/250/500) - 2019/01/02 16:16:33 UTC
Table: 'Kill The Fish(260228524)#035' 6-max (real money) Seat #2 is the button
Seat 1: Rimtc420 (11400)
Seat 2: riomar95 (48645)
Seat 3: Pff5blemjour (10015)
Seat 4: MRCROWN (19880)
Seat 5: oby woin (7690)
Seat 6: manggy94 (36315)
*** ANTE/BLINDS ***
Pff5blemjour posts ante 60
MRCROWN posts ante 60
Rimtc420 posts ante 60
riomar95 posts ante 60
oby woin posts ante 60
manggy94 posts ante 60
Pff5blemjour posts small blind 250
MRCROWN posts big blind 500
Dealt to manggy94 [Kh 5s]
*** PRE-FLOP *** 
oby woin folds
manggy94 folds
Rimtc420 folds
riomar95 calls 500
Pff5blemjour folds
MRCROWN checks
*** FLOP *** [Ah Td As]
MRCROWN checks
riomar95 checks
*** TURN *** [Ah Td As][6h]
MRCROWN bets 500
riomar95 folds
MRCROWN collected 2110 from pot
*** SUMMARY ***
Total pot 2110 | No rake
Board: [Ah Td As 6h]
Seat 4: MRCROWN (big blind) won 2110


Winamax Poker - Tournament "Kill The Fish" buyIn: 4.50€ + 0.50€ level: 7 - HandId: #1117673000066351140-37-1546445831 - Holdem no limit (60/250/500) - 2019/01/02 16:17:11 UTC
Table: 'Kill The Fish(260228524)#035' 6-max (real money) Seat #3 is the button
Seat 1: Rimtc420 (11340)
Seat 2: riomar95 (48085)
Seat 3: Pff5blemjour (9705)
Seat 4: MRCROWN (20930)
Seat 5: oby woin (7630)
Seat 6: manggy94 (36255)
*** ANTE/BLINDS ***
MRCROWN posts ante 60
oby woin posts ante 60
Rimtc420 posts ante 60
riomar95 posts ante 60
Pff5blemjour posts ante 60
manggy94 posts ante 60
MRCROWN posts small blind 250
oby woin posts big blind 500
Dealt to manggy94 [8h 3c]
*** PRE-FLOP *** 
manggy94 folds
Rimtc420 folds
riomar95 folds
Pff5blemjour folds
MRCROWN calls 250
oby woin checks
*** FLOP *** [Th 6h Kc]
MRCROWN checks
oby woin checks
*** TURN *** [Th 6h Kc][2d]
MRCROWN bets 500
oby woin calls 500
*** RIVER *** [Th 6h Kc 2d][6c]
MRCROWN bets 500
oby woin calls 500
*** SHOW DOWN ***
oby woin shows [2c 9d] (Two pairs : 6 and 2)
MRCROWN shows [Qs Qc] (Two pairs : Queens and 6)
MRCROWN collected 3360 from pot
*** SUMMARY ***
Total pot 3360 | No rake
Board: [Th 6h Kc 2d 6c]
Seat 4: MRCROWN (small blind) showed [Qs Qc] and won 3360 with Two pairs : Queens and 6
Seat 5: oby woin (big blind) showed [2c 9d] and lost with Two pairs : 6 and 2


Winamax Poker - Tournament "Kill The Fish" buyIn: 4.50€ + 0.50€ level: 7 - HandId: #1117673000066351140-38-1546445876 - Holdem no limit (60/250/500) - 2019/01/02 16:17:56 UTC
Table: 'Kill The Fish(260228524)#035' 6-max (real money) Seat #4 is the button
Seat 1: Rimtc420 (11280)
Seat 2: riomar95 (48025)
Seat 3: Pff5blemjour (9645)
Seat 4: MRCROWN (22730)
Seat 5: oby woin (6070)
Seat 6: manggy94 (36195)
*** ANTE/BLINDS ***
oby woin posts ante 60
manggy94 posts ante 60
Rimtc420 posts ante 60
riomar95 posts ante 60
Pff5blemjour posts ante 60
MRCROWN posts ante 60
oby woin posts small blind 250
manggy94 posts big blind 500
Dealt to manggy94 [5s Jc]
*** PRE-FLOP *** 
Rimtc420 folds
riomar95 calls 500
Pff5blemjour folds
MRCROWN folds
oby woin calls 250
manggy94 checks
*** FLOP *** [7d 3d 4h]
oby woin checks
manggy94 checks
riomar95 checks
*** TURN *** [7d 3d 4h][9h]
oby woin checks
manggy94 checks
riomar95 checks
*** RIVER *** [7d 3d 4h 9h][3c]
oby woin checks
manggy94 checks
riomar95 checks
*** SHOW DOWN ***
riomar95 shows [As 2h] (One pair : 3)
manggy94 shows [5s Jc] (One pair : 3)
oby woin shows [3s Ac] (Trips of 3)
oby woin collected 1860 from pot
*** SUMMARY ***
Total pot 1860 | No rake
Board: [7d 3d 4h 9h 3c]
Seat 2: riomar95 showed [As 2h] and lost with One pair : 3
Seat 5: oby woin (small blind) showed [3s Ac] and won 1860 with Trips of 3
Seat 6: manggy94 (big blind) showed [5s Jc] and lost with One pair : 3


Winamax Poker - Tournament "Kill The Fish" buyIn: 4.50€ + 0.50€ level: 8 - HandId: #1117673000066351140-39-1546445916 - Holdem no limit (80/300/600) - 2019/01/02 16:18:36 UTC
Table: 'Kill The Fish(260228524)#035' 6-max (real money) Seat #5 is the button
Seat 1: Rimtc420 (11220)
Seat 2: riomar95 (47465)
Seat 3: Pff5blemjour (9585)
Seat 4: MRCROWN (22670)
Seat 5: oby woin (7370)
Seat 6: manggy94 (35635)
*** ANTE/BLINDS ***
manggy94 posts ante 80
Rimtc420 posts ante 80
riomar95 posts ante 80
Pff5blemjour posts ante 80
MRCROWN posts ante 80
oby woin posts ante 80
manggy94 posts small blind 300
Rimtc420 posts big blind 600
Dealt to manggy94 [5d 8c]
*** PRE-FLOP *** 
riomar95 calls 600
Pff5blemjour folds
MRCROWN calls 600
oby woin folds
manggy94 folds
Rimtc420 checks
*** FLOP *** [7s 4c Td]
Rimtc420 checks
riomar95 checks
MRCROWN checks
*** TURN *** [7s 4c Td][2s]
Rimtc420 checks
riomar95 checks
MRCROWN checks
*** RIVER *** [7s 4c Td 2s][6c]
Rimtc420 checks
riomar95 checks
MRCROWN checks
*** SHOW DOWN ***
riomar95 shows [5s Qs] (High card : Queen)
MRCROWN shows [Jh Ks] (High card : King)
Rimtc420 shows [4s Kd] (One pair : 4)
Rimtc420 collected 2580 from pot
*** SUMMARY ***
Total pot 2580 | No rake
Board: [7s 4c Td 2s 6c]
Seat 1: Rimtc420 (big blind) showed [4s Kd] and won 2580 with One pair : 4
Seat 2: riomar95 showed [5s Qs] and lost with High card : Queen
Seat 4: MRCROWN showed [Jh Ks] and lost with High card : King


Winamax Poker - Tournament "Kill The Fish" buyIn: 4.50€ + 0.50€ level: 8 - HandId: #1117673000066351140-40-1546445979 - Holdem no limit (80/300/600) - 2019/01/02 16:19:39 UTC
Table: 'Kill The Fish(260228524)#035' 6-max (real money) Seat #6 is the button
Seat 1: Rimtc420 (13120)
Seat 2: riomar95 (46785)
Seat 3: Pff5blemjour (9505)
Seat 4: MRCROWN (21990)
Seat 5: oby woin (7290)
Seat 6: manggy94 (35255)
*** ANTE/BLINDS ***
Rimtc420 posts ante 80
riomar95 posts ante 80
Pff5blemjour posts ante 80
MRCROWN posts ante 80
oby woin posts ante 80
manggy94 posts ante 80
Rimtc420 posts small blind 300
riomar95 posts big blind 600
Dealt to manggy94 [Td 9s]
*** PRE-FLOP *** 
Pff5blemjour folds
MRCROWN folds
oby woin folds
manggy94 calls 600
Rimtc420 folds
riomar95 checks
*** FLOP *** [4c Qs Ah]
riomar95 checks
manggy94 checks
*** TURN *** [4c Qs Ah][7d]
riomar95 bets 600
manggy94 folds
riomar95 collected 2580 from pot
*** SUMMARY ***
Total pot 2580 | No rake
Board: [4c Qs Ah 7d]
Seat 2: riomar95 (big blind) won 2580


Winamax Poker - Tournament "Kill The Fish" buyIn: 4.50€ + 0.50€ level: 8 - HandId: #1117673000066351140-41-1546446017 - Holdem no limit (80/300/600) - 2019/01/02 16:20:17 UTC
Table: 'Kill The Fish(260228524)#035' 6-max (real money) Seat #1 is the button
Seat 1: Rimtc420 (12740)
Seat 2: riomar95 (48085)
Seat 3: Pff5blemjour (9425)
Seat 4: MRCROWN (21910)
Seat 5: oby woin (7210)
Seat 6: manggy94 (34575)
*** ANTE/BLINDS ***
riomar95 posts ante 80
Pff5blemjour posts ante 80
Rimtc420 posts ante 80
MRCROWN posts ante 80
oby woin posts ante 80
manggy94 posts ante 80
riomar95 posts small blind 300
Pff5blemjour posts big blind 600
Dealt to manggy94 [Jc 8c]
*** PRE-FLOP *** 
MRCROWN folds
oby woin folds
manggy94 calls 600
Rimtc420 folds
riomar95 raises 1800 to 2400
Pff5blemjour calls 1800
manggy94 calls 1800
*** FLOP *** [2s 8h 9c]
riomar95 bets 7680
Pff5blemjour calls 6945 and is all-in
manggy94 calls 7680
*** TURN *** [2s 8h 9c][Kh]
riomar95 bets 29985
manggy94 folds
*** RIVER *** [2s 8h 9c Kh][Js]
*** SHOW DOWN ***
Pff5blemjour shows [5d 5h] (One pair : 5)
riomar95 shows [Ad As] (One pair : Aces)
riomar95 collected 59970 from pot
*** SUMMARY ***
Total pot 59970 | No rake
Board: [2s 8h 9c Kh Js]
Seat 2: riomar95 (small blind) showed [Ad As] and won 59970 with One pair : Aces
Seat 3: Pff5blemjour (big blind) showed [5d 5h] and lost with One pair : 5


Winamax Poker - Tournament "Kill The Fish" buyIn: 4.50€ + 0.50€ level: 8 - HandId: #1117673000066351140-42-1546446068 - Holdem no limit (80/300/600) - 2019/01/02 16:21:08 UTC
Table: 'Kill The Fish(260228524)#035' 6-max (real money) Seat #2 is the button
Seat 1: Rimtc420 (12660)
Seat 2: riomar95 (67910)
Seat 3: saveur32 (20000)
Seat 4: MRCROWN (21830)
Seat 5: oby woin (7130)
Seat 6: manggy94 (24415)
*** ANTE/BLINDS ***
MRCROWN posts ante 80
Rimtc420 posts ante 80
riomar95 posts ante 80
oby woin posts ante 80
manggy94 posts ante 80
MRCROWN posts big blind 600
Dealt to manggy94 [Tc 2h]
*** PRE-FLOP *** 
oby woin folds
manggy94 folds
Rimtc420 raises 600 to 1200
riomar95 folds
MRCROWN calls 600
*** FLOP *** [8c Kc As]
MRCROWN checks
Rimtc420 checks
*** TURN *** [8c Kc As][Ts]
MRCROWN checks
Rimtc420 checks
*** RIVER *** [8c Kc As Ts][9c]
MRCROWN bets 600
Rimtc420 calls 600
*** SHOW DOWN ***
Rimtc420 shows [Jc Kd] (One pair : Kings)
MRCROWN shows [9h 9d] (Trips of 9)
MRCROWN collected 4000 from pot
*** SUMMARY ***
Total pot 4000 | No rake
Board: [8c Kc As Ts 9c]
Seat 1: Rimtc420 showed [Jc Kd] and lost with One pair : Kings
Seat 4: MRCROWN (big blind) showed [9h 9d] and won 4000 with Trips of 9


Winamax Poker - Tournament "Kill The Fish" buyIn: 4.50€ + 0.50€ level: 8 - HandId: #1117673000066351140-43-1546446128 - Holdem no limit (80/300/600) - 2019/01/02 16:22:08 UTC
Table: 'Kill The Fish(260228524)#035' 6-max (real money) Seat #3 is the button
Seat 1: Rimtc420 (10780)
Seat 2: riomar95 (67830)
Seat 3: saveur32 (20000)
Seat 4: MRCROWN (23950)
Seat 5: oby woin (7050)
Seat 6: manggy94 (24335)
*** ANTE/BLINDS ***
MRCROWN posts ante 80
oby woin posts ante 80
Rimtc420 posts ante 80
riomar95 posts ante 80
manggy94 posts ante 80
MRCROWN posts small blind 300
oby woin posts big blind 600
Dealt to manggy94 [Ts Ks]
*** PRE-FLOP *** 
manggy94 raises 1800 to 2400
Rimtc420 raises 8300 to 10700 and is all-in
riomar95 folds
MRCROWN folds
oby woin folds
manggy94 calls 8300
*** FLOP *** [Jc 8s Qh]
*** TURN *** [Jc 8s Qh][3s]
*** RIVER *** [Jc 8s Qh 3s][Qd]
*** SHOW DOWN ***
manggy94 shows [Ts Ks] (One pair : Queens)
Rimtc420 shows [As Kh] (One pair : Queens)
Rimtc420 collected 22700 from pot
*** SUMMARY ***
Total pot 22700 | No rake
Board: [Jc 8s Qh 3s Qd]
Seat 1: Rimtc420 showed [As Kh] and won 22700 with One pair : Queens
Seat 6: manggy94 showed [Ts Ks] and lost with One pair : Queens


Winamax Poker - Tournament "Kill The Fish" buyIn: 4.50€ + 0.50€ level: 8 - HandId: #1117673000066351140-44-1546446156 - Holdem no limit (80/300/600) - 2019/01/02 16:22:36 UTC
Table: 'Kill The Fish(260228524)#035' 6-max (real money) Seat #4 is the button
Seat 2: riomar95 (67750)
Seat 3: saveur32 (20000)
Seat 4: MRCROWN (23570)
Seat 5: oby woin (6370)
Seat 6: manggy94 (13555)
*** ANTE/BLINDS ***
oby woin posts ante 80
manggy94 posts ante 80
riomar95 posts ante 80
saveur32 posts ante 80
MRCROWN posts ante 80
oby woin posts small blind 300
manggy94 posts big blind 600
Dealt to manggy94 [4h 5d]
*** PRE-FLOP *** 
riomar95 calls 600
saveur32 folds
MRCROWN folds
oby woin calls 300
manggy94 checks
*** FLOP *** [Jd Qh Kh]
oby woin checks
manggy94 checks
riomar95 checks
*** TURN *** [Jd Qh Kh][Ts]
oby woin checks
manggy94 checks
riomar95 checks
*** RIVER *** [Jd Qh Kh Ts][Ac]
oby woin checks
manggy94 bets 12875 and is all-in
riomar95 calls 12875
oby woin calls 5690 and is all-in
*** SHOW DOWN ***
riomar95 shows [7d 7s] (Straight Ace high)
oby woin shows [Qd Kd] (Straight Ace high)
manggy94 shows [4h 5d] (Straight Ace high)
manggy94 collected 13609 from side pot 1
oby woin collected 6423 from main pot
riomar95 collected 13608 from side pot 1
*** SUMMARY ***
Total pot 33640 | No rake
Board: [Jd Qh Kh Ts Ac]
Seat 2: riomar95 showed [7d 7s] and won 13608 with Straight Ace high
Seat 5: oby woin (small blind) showed [Qd Kd] and won 6423 with Straight Ace high
Seat 6: manggy94 (big blind) showed [4h 5d] and won 13609 with Straight Ace high


Winamax Poker - Tournament "Kill The Fish" buyIn: 4.50€ + 0.50€ level: 8 - HandId: #1117673000066351140-45-1546446233 - Holdem no limit (80/300/600) - 2019/01/02 16:23:53 UTC
Table: 'Kill The Fish(260228524)#035' 6-max (real money) Seat #5 is the button
Seat 1: soulsista (20000)
Seat 2: riomar95 (67803)
Seat 3: saveur32 (19920)
Seat 4: MRCROWN (23490)
Seat 5: oby woin (6423)
Seat 6: manggy94 (13609)
*** ANTE/BLINDS ***
manggy94 posts ante 80
soulsista posts ante 80
riomar95 posts ante 80
saveur32 posts ante 80
MRCROWN posts ante 80
oby woin posts ante 80
manggy94 posts small blind 300
soulsista posts big blind 600
Dealt to manggy94 [4d Jc]
*** PRE-FLOP *** 
riomar95 folds
saveur32 folds
MRCROWN folds
oby woin folds
manggy94 folds
soulsista collected 1380 from pot
*** SUMMARY ***
Total pot 1380 | No rake
Seat 1: soulsista (big blind) won 1380


Winamax Poker - Tournament "Kill The Fish" buyIn: 4.50€ + 0.50€ level: 9 - HandId: #1117673000066351140-46-1546446264 - Holdem no limit (100/400/800) - 2019/01/02 16:24:24 UTC
Table: 'Kill The Fish(260228524)#035' 6-max (real money) Seat #6 is the button
Seat 1: soulsista (20700)
Seat 2: riomar95 (67723)
Seat 3: saveur32 (19840)
Seat 4: MRCROWN (23410)
Seat 5: oby woin (6343)
Seat 6: manggy94 (13229)
*** ANTE/BLINDS ***
soulsista posts ante 100
riomar95 posts ante 100
saveur32 posts ante 100
MRCROWN posts ante 100
oby woin posts ante 100
manggy94 posts ante 100
soulsista posts small blind 400
riomar95 posts big blind 800
Dealt to manggy94 [Jh 9c]
*** PRE-FLOP *** 
saveur32 calls 800
MRCROWN calls 800
oby woin folds
manggy94 calls 800
soulsista folds
riomar95 checks
*** FLOP *** [Ac 7c Ks]
riomar95 checks
saveur32 checks
MRCROWN checks
manggy94 checks
*** TURN *** [Ac 7c Ks][3c]
riomar95 checks
saveur32 bets 800
MRCROWN calls 800
manggy94 folds
riomar95 calls 800
*** RIVER *** [Ac 7c Ks 3c][8s]
riomar95 checks
saveur32 bets 800
MRCROWN calls 800
riomar95 calls 800
*** SHOW DOWN ***
riomar95 shows [5h Ad] (One pair : Aces)
saveur32 shows [Ts 7s] (One pair : 7)
MRCROWN shows [Qs Ah] (One pair : Aces)
MRCROWN collected 9000 from pot
*** SUMMARY ***
Total pot 9000 | No rake
Board: [Ac 7c Ks 3c 8s]
Seat 2: riomar95 (big blind) showed [5h Ad] and lost with One pair : Aces
Seat 3: saveur32 showed [Ts 7s] and lost with One pair : 7
Seat 4: MRCROWN showed [Qs Ah] and won 9000 with One pair : Aces


Winamax Poker - Tournament "Kill The Fish" buyIn: 4.50€ + 0.50€ level: 9 - HandId: #1117673000066351140-47-1546446325 - Holdem no limit (100/400/800) - 2019/01/02 16:25:25 UTC
Table: 'Kill The Fish(260228524)#035' 6-max (real money) Seat #1 is the button
Seat 1: soulsista (20200)
Seat 2: riomar95 (65223)
Seat 3: saveur32 (17340)
Seat 4: MRCROWN (29910)
Seat 5: oby woin (6243)
Seat 6: manggy94 (12329)
*** ANTE/BLINDS ***
riomar95 posts ante 100
saveur32 posts ante 100
soulsista posts ante 100
MRCROWN posts ante 100
oby woin posts ante 100
manggy94 posts ante 100
riomar95 posts small blind 400
saveur32 posts big blind 800
Dealt to manggy94 [7d 2s]
*** PRE-FLOP *** 
MRCROWN calls 800
oby woin folds
manggy94 folds
soulsista calls 800
riomar95 raises 2400 to 3200
saveur32 folds
MRCROWN folds
soulsista calls 2400
*** FLOP *** [Kc 8c Ad]
riomar95 bets 4300
soulsista calls 4300
*** TURN *** [Kc 8c Ad][Jd]
riomar95 checks
soulsista checks
*** RIVER *** [Kc 8c Ad Jd][7c]
riomar95 checks
soulsista checks
*** SHOW DOWN ***
riomar95 shows [4d 4h] (One pair : 4)
soulsista shows [Ah Th] (One pair : Aces)
soulsista collected 17200 from pot
*** SUMMARY ***
Total pot 17200 | No rake
Board: [Kc 8c Ad Jd 7c]
Seat 1: soulsista (button) showed [Ah Th] and won 17200 with One pair : Aces
Seat 2: riomar95 (small blind) showed [4d 4h] and lost with One pair : 4


Winamax Poker - Tournament "Kill The Fish" buyIn: 4.50€ + 0.50€ level: 9 - HandId: #1117673000066351140-48-1546446358 - Holdem no limit (100/400/800) - 2019/01/02 16:25:58 UTC
Table: 'Kill The Fish(260228524)#035' 6-max (real money) Seat #2 is the button
Seat 1: soulsista (29800)
Seat 2: riomar95 (57623)
Seat 3: saveur32 (16440)
Seat 4: MRCROWN (29010)
Seat 5: oby woin (6143)
Seat 6: manggy94 (12229)
*** ANTE/BLINDS ***
saveur32 posts ante 100
MRCROWN posts ante 100
soulsista posts ante 100
riomar95 posts ante 100
oby woin posts ante 100
manggy94 posts ante 100
saveur32 posts small blind 400
MRCROWN posts big blind 800
Dealt to manggy94 [3c Ad]
*** PRE-FLOP *** 
oby woin folds
manggy94 raises 800 to 1600
soulsista folds
riomar95 calls 1600
saveur32 raises 14740 to 16340 and is all-in
MRCROWN folds
manggy94 folds
riomar95 folds
saveur32 collected 20940 from pot
*** SUMMARY ***
Total pot 20940 | No rake
Seat 3: saveur32 (small blind) won 20940


Winamax Poker - Tournament "Kill The Fish" buyIn: 4.50€ + 0.50€ level: 9 - HandId: #1117673000066351121-67-1546446386 - Holdem no limit (100/400/800) - 2019/01/02 16:26:26 UTC
Table: 'Kill The Fish(260228524)#016' 6-max (real money) Seat #4 is the button
Seat 1: eu27 (37190)
Seat 3: manggy94 (10529)
Seat 4: Rucamor44 (21498)
Seat 5: Remx15 (9520)
Seat 6: RaulGB07 (79220)
*** ANTE/BLINDS ***
Remx15 posts ante 100
RaulGB07 posts ante 100
eu27 posts ante 100
manggy94 posts ante 100
Rucamor44 posts ante 100
Remx15 posts small blind 400
RaulGB07 posts big blind 800
Dealt to manggy94 [Td Ah]
*** PRE-FLOP *** 
eu27 folds
manggy94 raises 9629 to 10429 and is all-in
Rucamor44 folds
Remx15 folds
RaulGB07 folds
manggy94 collected 12129 from pot
*** SUMMARY ***
Total pot 12129 | No rake
Seat 3: manggy94 won 12129


Winamax Poker - Tournament "Kill The Fish" buyIn: 4.50€ + 0.50€ level: 9 - HandId: #1117673000066351121-68-1546446400 - Holdem no limit (100/400/800) - 2019/01/02 16:26:40 UTC
Table: 'Kill The Fish(260228524)#016' 6-max (real money) Seat #5 is the button
Seat 1: eu27 (37090)
Seat 3: manggy94 (12129)
Seat 4: Rucamor44 (21398)
Seat 5: Remx15 (9020)
Seat 6: RaulGB07 (78320)
*** ANTE/BLINDS ***
RaulGB07 posts ante 100
eu27 posts ante 100
manggy94 posts ante 100
Rucamor44 posts ante 100
Remx15 posts ante 100
RaulGB07 posts small blind 400
eu27 posts big blind 800
Dealt to manggy94 [3c As]
*** PRE-FLOP *** 
manggy94 raises 11229 to 12029 and is all-in
Rucamor44 folds
Remx15 folds
RaulGB07 folds
eu27 folds
manggy94 collected 13729 from pot
*** SUMMARY ***
Total pot 13729 | No rake
Seat 3: manggy94 won 13729


Winamax Poker - Tournament "Kill The Fish" buyIn: 4.50€ + 0.50€ level: 9 - HandId: #1117673000066351121-69-1546446413 - Holdem no limit (100/400/800) - 2019/01/02 16:26:53 UTC
Table: 'Kill The Fish(260228524)#016' 6-max (real money) Seat #6 is the button
Seat 1: eu27 (36190)
Seat 3: manggy94 (13729)
Seat 4: Rucamor44 (21298)
Seat 5: Remx15 (8920)
Seat 6: RaulGB07 (77820)
*** ANTE/BLINDS ***
eu27 posts ante 100
manggy94 posts ante 100
Rucamor44 posts ante 100
Remx15 posts ante 100
RaulGB07 posts ante 100
eu27 posts small blind 400
manggy94 posts big blind 800
Dealt to manggy94 [3c 3h]
*** PRE-FLOP *** 
Rucamor44 folds
Remx15 folds
RaulGB07 raises 800 to 1600
eu27 folds
manggy94 calls 800
*** FLOP *** [Jh Kh Js]
manggy94 bets 12029 and is all-in
RaulGB07 folds
manggy94 collected 16129 from pot
*** SUMMARY ***
Total pot 16129 | No rake
Board: [Jh Kh Js]
Seat 3: manggy94 (big blind) won 16129


Winamax Poker - Tournament "Kill The Fish" buyIn: 4.50€ + 0.50€ level: 9 - HandId: #1117673000066351121-70-1546446431 - Holdem no limit (100/400/800) - 2019/01/02 16:27:11 UTC
Table: 'Kill The Fish(260228524)#016' 6-max (real money) Seat #1 is the button
Seat 1: eu27 (35690)
Seat 3: manggy94 (16129)
Seat 4: Rucamor44 (21198)
Seat 5: Remx15 (8820)
Seat 6: RaulGB07 (76120)
*** ANTE/BLINDS ***
manggy94 posts ante 100
Rucamor44 posts ante 100
eu27 posts ante 100
Remx15 posts ante 100
RaulGB07 posts ante 100
manggy94 posts small blind 400
Rucamor44 posts big blind 800
Dealt to manggy94 [Tc Td]
*** PRE-FLOP *** 
Remx15 folds
RaulGB07 folds
eu27 folds
manggy94 raises 2100 to 2900
Rucamor44 folds
manggy94 collected 4200 from pot
*** SUMMARY ***
Total pot 4200 | No rake
Seat 3: manggy94 (small blind) won 4200


Winamax Poker - Tournament "Kill The Fish" buyIn: 4.50€ + 0.50€ level: 9 - HandId: #1117673000066351121-71-1546446442 - Holdem no limit (100/400/800) - 2019/01/02 16:27:22 UTC
Table: 'Kill The Fish(260228524)#016' 6-max (real money) Seat #3 is the button
Seat 1: eu27 (35590)
Seat 3: manggy94 (17329)
Seat 4: Rucamor44 (20298)
Seat 5: Remx15 (8720)
Seat 6: RaulGB07 (76020)
*** ANTE/BLINDS ***
Rucamor44 posts ante 100
Remx15 posts ante 100
eu27 posts ante 100
manggy94 posts ante 100
RaulGB07 posts ante 100
Rucamor44 posts small blind 400
Remx15 posts big blind 800
Dealt to manggy94 [5d Qd]
*** PRE-FLOP *** 
RaulGB07 folds
eu27 folds
manggy94 calls 800
Rucamor44 folds
Remx15 checks
*** FLOP *** [Qs Qh 9s]
Remx15 checks
manggy94 checks
*** TURN *** [Qs Qh 9s][3s]
Remx15 checks
manggy94 bets 1250
Remx15 calls 1250
*** RIVER *** [Qs Qh 9s 3s][6d]
Remx15 checks
manggy94 bets 5000
Remx15 raises 1570 to 6570 and is all-in
manggy94 calls 1570
*** SHOW DOWN ***
manggy94 shows [5d Qd] (Trips of Queens)
Remx15 shows [Ks 8s] (Flush King high)
Remx15 collected 18140 from pot
*** SUMMARY ***
Total pot 18140 | No rake
Board: [Qs Qh 9s 3s 6d]
Seat 3: manggy94 (button) showed [5d Qd] and lost with Trips of Queens
Seat 5: Remx15 (big blind) showed [Ks 8s] and won 18140 with Flush King high


Winamax Poker - Tournament "Kill The Fish" buyIn: 4.50€ + 0.50€ level: 9 - HandId: #1117673000066351121-72-1546446481 - Holdem no limit (100/400/800) - 2019/01/02 16:28:01 UTC
Table: 'Kill The Fish(260228524)#016' 6-max (real money) Seat #4 is the button
Seat 1: eu27 (35490)
Seat 3: manggy94 (8609)
Seat 4: Rucamor44 (19798)
Seat 5: Remx15 (18140)
Seat 6: RaulGB07 (75920)
*** ANTE/BLINDS ***
Remx15 posts ante 100
RaulGB07 posts ante 100
eu27 posts ante 100
manggy94 posts ante 100
Rucamor44 posts ante 100
Remx15 posts small blind 400
RaulGB07 posts big blind 800
Dealt to manggy94 [7d 7s]
*** PRE-FLOP *** 
eu27 raises 920 to 1720
manggy94 raises 6789 to 8509 and is all-in
Rucamor44 folds
Remx15 folds
RaulGB07 folds
eu27 calls 6789
*** FLOP *** [As 7c Ad]
*** TURN *** [As 7c Ad][Kc]
*** RIVER *** [As 7c Ad Kc][4h]
*** SHOW DOWN ***
eu27 shows [Td Th] (Two pairs : Aces and Tens)
manggy94 shows [7d 7s] (Full of 7 and Aces)
manggy94 collected 18718 from pot
*** SUMMARY ***
Total pot 18718 | No rake
Board: [As 7c Ad Kc 4h]
Seat 1: eu27 showed [Td Th] and lost with Two pairs : Aces and Tens
Seat 3: manggy94 showed [7d 7s] and won 18718 with Full of 7 and Aces


Winamax Poker - Tournament "Kill The Fish" buyIn: 4.50€ + 0.50€ level: 9 - HandId: #1117673000066351121-73-1546446515 - Holdem no limit (100/400/800) - 2019/01/02 16:28:35 UTC
Table: 'Kill The Fish(260228524)#016' 6-max (real money) Seat #5 is the button
Seat 1: eu27 (26881)
Seat 3: manggy94 (18718)
Seat 4: Rucamor44 (19698)
Seat 5: Remx15 (17640)
Seat 6: RaulGB07 (75020)
*** ANTE/BLINDS ***
RaulGB07 posts ante 100
eu27 posts ante 100
manggy94 posts ante 100
Rucamor44 posts ante 100
Remx15 posts ante 100
RaulGB07 posts small blind 400
eu27 posts big blind 800
Dealt to manggy94 [5d 6h]
*** PRE-FLOP *** 
manggy94 folds
Rucamor44 folds
Remx15 folds
RaulGB07 raises 1600 to 2400
eu27 folds
RaulGB07 shows [6s 6c] (One pair : 6)
RaulGB07 collected 3700 from pot
*** SUMMARY ***
Total pot 3700 | No rake
Seat 6: RaulGB07 (small blind) showed [6s 6c] and won 3700 with One pair : 6


Winamax Poker - Tournament "Kill The Fish" buyIn: 4.50€ + 0.50€ level: 9 - HandId: #1117673000066351121-74-1546446531 - Holdem no limit (100/400/800) - 2019/01/02 16:28:51 UTC
Table: 'Kill The Fish(260228524)#016' 6-max (real money) Seat #6 is the button
Seat 1: eu27 (25981)
Seat 3: manggy94 (18618)
Seat 4: Rucamor44 (19598)
Seat 5: Remx15 (17540)
Seat 6: RaulGB07 (76220)
*** ANTE/BLINDS ***
eu27 posts ante 100
manggy94 posts ante 100
Rucamor44 posts ante 100
Remx15 posts ante 100
RaulGB07 posts ante 100
eu27 posts small blind 400
manggy94 posts big blind 800
Dealt to manggy94 [Tc 5c]
*** PRE-FLOP *** 
Rucamor44 folds
Remx15 folds
RaulGB07 raises 1600 to 2400
eu27 folds
manggy94 folds
RaulGB07 shows [Td Th] (One pair : Tens)
RaulGB07 collected 4100 from pot
*** SUMMARY ***
Total pot 4100 | No rake
Seat 6: RaulGB07 (button) showed [Td Th] and won 4100 with One pair : Tens


Winamax Poker - Tournament "Kill The Fish" buyIn: 4.50€ + 0.50€ level: 9 - HandId: #1117673000066351121-75-1546446550 - Holdem no limit (100/400/800) - 2019/01/02 16:29:10 UTC
Table: 'Kill The Fish(260228524)#016' 6-max (real money) Seat #1 is the button
Seat 1: eu27 (25481)
Seat 3: manggy94 (17718)
Seat 4: Rucamor44 (19498)
Seat 5: Remx15 (17440)
Seat 6: RaulGB07 (77820)
*** ANTE/BLINDS ***
manggy94 posts ante 100
Rucamor44 posts ante 100
eu27 posts ante 100
Remx15 posts ante 100
RaulGB07 posts ante 100
manggy94 posts small blind 400
Rucamor44 posts big blind 800
Dealt to manggy94 [Qd 4s]
*** PRE-FLOP *** 
Remx15 raises 800 to 1600
RaulGB07 calls 1600
eu27 folds
manggy94 folds
Rucamor44 calls 800
*** FLOP *** [4h 3h 7h]
Rucamor44 checks
Remx15 checks
RaulGB07 bets 5700
Rucamor44 folds
Remx15 folds
RaulGB07 collected 11400 from pot
*** SUMMARY ***
Total pot 11400 | No rake
Board: [4h 3h 7h]
Seat 6: RaulGB07 won 11400


Winamax Poker - Tournament "Kill The Fish" buyIn: 4.50€ + 0.50€ level: 9 - HandId: #1117673000066351121-76-1546446575 - Holdem no limit (100/400/800) - 2019/01/02 16:29:35 UTC
Table: 'Kill The Fish(260228524)#016' 6-max (real money) Seat #3 is the button
Seat 1: eu27 (25381)
Seat 3: manggy94 (17218)
Seat 4: Rucamor44 (17798)
Seat 5: Remx15 (15740)
Seat 6: RaulGB07 (81820)
*** ANTE/BLINDS ***
Rucamor44 posts ante 100
Remx15 posts ante 100
eu27 posts ante 100
manggy94 posts ante 100
RaulGB07 posts ante 100
Rucamor44 posts small blind 400
Remx15 posts big blind 800
Dealt to manggy94 [9c Qh]
*** PRE-FLOP *** 
RaulGB07 raises 800 to 1600
eu27 folds
manggy94 calls 1600
Rucamor44 folds
Remx15 folds
*** FLOP *** [4h Qd Ah]
RaulGB07 checks
manggy94 bets 4900
RaulGB07 folds
manggy94 collected 9800 from pot
*** SUMMARY ***
Total pot 9800 | No rake
Board: [4h Qd Ah]
Seat 3: manggy94 (button) won 9800


Winamax Poker - Tournament "Kill The Fish" buyIn: 4.50€ + 0.50€ level: 9 - HandId: #1117673000066351121-77-1546446590 - Holdem no limit (100/400/800) - 2019/01/02 16:29:50 UTC
Table: 'Kill The Fish(260228524)#016' 6-max (real money) Seat #4 is the button
Seat 1: eu27 (25281)
Seat 2: NABSOLUTE (20000)
Seat 3: manggy94 (20418)
Seat 4: Rucamor44 (17298)
Seat 5: Remx15 (14840)
Seat 6: RaulGB07 (80120)
*** ANTE/BLINDS ***
Remx15 posts ante 100
RaulGB07 posts ante 100
eu27 posts ante 100
NABSOLUTE posts ante 100
manggy94 posts ante 100
Rucamor44 posts ante 100
Remx15 posts small blind 400
RaulGB07 posts big blind 800
Dealt to manggy94 [Qd Th]
*** PRE-FLOP *** 
eu27 folds
NABSOLUTE folds
manggy94 calls 800
Rucamor44 raises 1600 to 2400
Remx15 folds
RaulGB07 calls 1600
manggy94 calls 1600
*** FLOP *** [Qc Ad 3d]
RaulGB07 bets 4100
manggy94 folds
Rucamor44 raises 10698 to 14798 and is all-in
RaulGB07 folds
Rucamor44 collected 27098 from pot
*** SUMMARY ***
Total pot 27098 | No rake
Board: [Qc Ad 3d]
Seat 4: Rucamor44 (button) won 27098


Winamax Poker - Tournament "Kill The Fish" buyIn: 4.50€ + 0.50€ level: 10 - HandId: #1117673000066351121-78-1546446618 - Holdem no limit (120/500/1000) - 2019/01/02 16:30:18 UTC
Table: 'Kill The Fish(260228524)#016' 6-max (real money) Seat #5 is the button
Seat 1: eu27 (25181)
Seat 2: NABSOLUTE (19900)
Seat 3: manggy94 (17918)
Seat 4: Rucamor44 (27098)
Seat 5: Remx15 (14340)
Seat 6: RaulGB07 (73520)
*** ANTE/BLINDS ***
RaulGB07 posts ante 120
eu27 posts ante 120
NABSOLUTE posts ante 120
manggy94 posts ante 120
Rucamor44 posts ante 120
Remx15 posts ante 120
RaulGB07 posts small blind 500
eu27 posts big blind 1000
Dealt to manggy94 [Kd 6s]
*** PRE-FLOP *** 
NABSOLUTE calls 1000
manggy94 folds
Rucamor44 folds
Remx15 raises 13220 to 14220 and is all-in
RaulGB07 folds
eu27 folds
NABSOLUTE folds
Remx15 collected 17440 from pot
*** SUMMARY ***
Total pot 17440 | No rake
Seat 5: Remx15 (button) won 17440


Winamax Poker - Tournament "Kill The Fish" buyIn: 4.50€ + 0.50€ level: 10 - HandId: #1117673000066351121-79-1546446640 - Holdem no limit (120/500/1000) - 2019/01/02 16:30:40 UTC
Table: 'Kill The Fish(260228524)#016' 6-max (real money) Seat #6 is the button
Seat 1: eu27 (24061)
Seat 2: NABSOLUTE (18780)
Seat 3: manggy94 (17798)
Seat 4: Rucamor44 (26978)
Seat 5: Remx15 (17440)
Seat 6: RaulGB07 (72900)
*** ANTE/BLINDS ***
eu27 posts ante 120
NABSOLUTE posts ante 120
manggy94 posts ante 120
Rucamor44 posts ante 120
Remx15 posts ante 120
RaulGB07 posts ante 120
eu27 posts small blind 500
NABSOLUTE posts big blind 1000
Dealt to manggy94 [3d 8c]
*** PRE-FLOP *** 
manggy94 folds
Rucamor44 folds
Remx15 folds
RaulGB07 raises 1000 to 2000
eu27 folds
NABSOLUTE calls 1000
*** FLOP *** [2h Js 7h]
NABSOLUTE checks
RaulGB07 bets 3480
NABSOLUTE folds
RaulGB07 collected 8700 from pot
*** SUMMARY ***
Total pot 8700 | No rake
Board: [2h Js 7h]
Seat 6: RaulGB07 (button) won 8700


Winamax Poker - Tournament "Kill The Fish" buyIn: 4.50€ + 0.50€ level: 10 - HandId: #1117673000066351121-80-1546446659 - Holdem no limit (120/500/1000) - 2019/01/02 16:30:59 UTC
Table: 'Kill The Fish(260228524)#016' 6-max (real money) Seat #1 is the button
Seat 1: eu27 (23441)
Seat 2: NABSOLUTE (16660)
Seat 3: manggy94 (17678)
Seat 4: Rucamor44 (26858)
Seat 5: Remx15 (17320)
Seat 6: RaulGB07 (76000)
*** ANTE/BLINDS ***
NABSOLUTE posts ante 120
manggy94 posts ante 120
eu27 posts ante 120
Rucamor44 posts ante 120
Remx15 posts ante 120
RaulGB07 posts ante 120
NABSOLUTE posts small blind 500
manggy94 posts big blind 1000
Dealt to manggy94 [Jh Jd]
*** PRE-FLOP *** 
Rucamor44 folds
Remx15 folds
RaulGB07 folds
eu27 folds
NABSOLUTE calls 500
manggy94 raises 1000 to 2000
NABSOLUTE raises 14540 to 16540 and is all-in
manggy94 calls 14540
*** FLOP *** [7s Qh Qs]
*** TURN *** [7s Qh Qs][5h]
*** RIVER *** [7s Qh Qs 5h][Td]
*** SHOW DOWN ***
NABSOLUTE shows [Kh Ah] (One pair : Queens)
manggy94 shows [Jh Jd] (Two pairs : Queens and Jacks)
manggy94 collected 33800 from pot
*** SUMMARY ***
Total pot 33800 | No rake
Board: [7s Qh Qs 5h Td]
Seat 2: NABSOLUTE (small blind) showed [Kh Ah] and lost with One pair : Queens
Seat 3: manggy94 (big blind) showed [Jh Jd] and won 33800 with Two pairs : Queens and Jacks


Winamax Poker - Tournament "Kill The Fish" buyIn: 4.50€ + 0.50€ level: 10 - HandId: #1117673000066351121-81-1546446685 - Holdem no limit (120/500/1000) - 2019/01/02 16:31:25 UTC
Table: 'Kill The Fish(260228524)#016' 6-max (real money) Seat #2 is the button
Seat 1: eu27 (23321)
Seat 3: manggy94 (34818)
Seat 4: Rucamor44 (26738)
Seat 5: Remx15 (17200)
Seat 6: RaulGB07 (75880)
*** ANTE/BLINDS ***
manggy94 posts ante 120
Rucamor44 posts ante 120
eu27 posts ante 120
Remx15 posts ante 120
RaulGB07 posts ante 120
manggy94 posts small blind 500
Rucamor44 posts big blind 1000
Dealt to manggy94 [Kc Js]
*** PRE-FLOP *** 
Remx15 folds
RaulGB07 raises 1000 to 2000
eu27 raises 21201 to 23201 and is all-in
manggy94 folds
Rucamor44 folds
RaulGB07 folds
eu27 collected 27301 from pot
*** SUMMARY ***
Total pot 27301 | No rake
Seat 1: eu27 won 27301


Winamax Poker - Tournament "Kill The Fish" buyIn: 4.50€ + 0.50€ level: 10 - HandId: #1117673000066351121-82-1546446703 - Holdem no limit (120/500/1000) - 2019/01/02 16:31:43 UTC
Table: 'Kill The Fish(260228524)#016' 6-max (real money) Seat #3 is the button
Seat 1: eu27 (27301)
Seat 3: manggy94 (34198)
Seat 4: Rucamor44 (25618)
Seat 5: Remx15 (17080)
Seat 6: RaulGB07 (73760)
*** ANTE/BLINDS ***
Rucamor44 posts ante 120
Remx15 posts ante 120
eu27 posts ante 120
manggy94 posts ante 120
RaulGB07 posts ante 120
Rucamor44 posts small blind 500
Remx15 posts big blind 1000
Dealt to manggy94 [2d Ah]
*** PRE-FLOP *** 
RaulGB07 calls 1000
eu27 folds
manggy94 calls 1000
Rucamor44 calls 500
Remx15 checks
*** FLOP *** [8s 3d 7d]
Rucamor44 checks
Remx15 checks
RaulGB07 bets 1000
manggy94 folds
Rucamor44 calls 1000
Remx15 folds
*** TURN *** [8s 3d 7d][Td]
Rucamor44 bets 3300
RaulGB07 folds
Rucamor44 collected 9900 from pot
*** SUMMARY ***
Total pot 9900 | No rake
Board: [8s 3d 7d Td]
Seat 4: Rucamor44 (small blind) won 9900


Winamax Poker - Tournament "Kill The Fish" buyIn: 4.50€ + 0.50€ level: 10 - HandId: #1117673000066351121-83-1546446734 - Holdem no limit (120/500/1000) - 2019/01/02 16:32:14 UTC
Table: 'Kill The Fish(260228524)#016' 6-max (real money) Seat #4 is the button
Seat 1: eu27 (27181)
Seat 2: RagouJR (75134)
Seat 3: manggy94 (33078)
Seat 4: Rucamor44 (30098)
Seat 5: Remx15 (15960)
Seat 6: RaulGB07 (71640)
*** ANTE/BLINDS ***
Remx15 posts ante 120
RaulGB07 posts ante 120
eu27 posts ante 120
RagouJR posts ante 120
manggy94 posts ante 120
Rucamor44 posts ante 120
Remx15 posts small blind 500
RaulGB07 posts big blind 1000
Dealt to manggy94 [9s 6s]
*** PRE-FLOP *** 
eu27 folds
RagouJR folds
manggy94 calls 1000
Rucamor44 folds
Remx15 calls 500
RaulGB07 checks
*** FLOP *** [7s Qd 2h]
Remx15 checks
RaulGB07 checks
manggy94 bets 1000
Remx15 folds
RaulGB07 folds
manggy94 collected 4720 from pot
*** SUMMARY ***
Total pot 4720 | No rake
Board: [7s Qd 2h]
Seat 3: manggy94 won 4720


Winamax Poker - Tournament "Kill The Fish" buyIn: 4.50€ + 0.50€ level: 10 - HandId: #1117673000066351121-84-1546446769 - Holdem no limit (120/500/1000) - 2019/01/02 16:32:49 UTC
Table: 'Kill The Fish(260228524)#016' 6-max (real money) Seat #5 is the button
Seat 1: eu27 (27061)
Seat 2: RagouJR (75014)
Seat 3: manggy94 (35678)
Seat 4: Rucamor44 (29978)
Seat 5: Remx15 (14840)
Seat 6: RaulGB07 (70520)
*** ANTE/BLINDS ***
RaulGB07 posts ante 120
eu27 posts ante 120
RagouJR posts ante 120
manggy94 posts ante 120
Rucamor44 posts ante 120
Remx15 posts ante 120
RaulGB07 posts small blind 500
eu27 posts big blind 1000
Dealt to manggy94 [6c Ks]
*** PRE-FLOP *** 
RagouJR folds
manggy94 folds
Rucamor44 folds
Remx15 folds
RaulGB07 raises 1000 to 2000
eu27 calls 1000
*** FLOP *** [7h 6d 9c]
RaulGB07 bets 2360
eu27 calls 2360
*** TURN *** [7h 6d 9c][5s]
RaulGB07 checks
eu27 checks
*** RIVER *** [7h 6d 9c 5s][8d]
RaulGB07 bets 9440
eu27 folds
RaulGB07 collected 18880 from pot
*** SUMMARY ***
Total pot 18880 | No rake
Board: [7h 6d 9c 5s 8d]
Seat 6: RaulGB07 (small blind) won 18880


Winamax Poker - Tournament "Kill The Fish" buyIn: 4.50€ + 0.50€ level: 10 - HandId: #1117673000066351121-85-1546446830 - Holdem no limit (120/500/1000) - 2019/01/02 16:33:50 UTC
Table: 'Kill The Fish(260228524)#016' 6-max (real money) Seat #6 is the button
Seat 1: eu27 (22581)
Seat 2: RagouJR (74894)
Seat 3: manggy94 (35558)
Seat 4: Rucamor44 (29858)
Seat 5: Remx15 (14720)
Seat 6: RaulGB07 (75480)
*** ANTE/BLINDS ***
eu27 posts ante 120
RagouJR posts ante 120
manggy94 posts ante 120
Rucamor44 posts ante 120
Remx15 posts ante 120
RaulGB07 posts ante 120
eu27 posts small blind 500
RagouJR posts big blind 1000
Dealt to manggy94 [3h 4h]
*** PRE-FLOP *** 
manggy94 folds
Rucamor44 folds
Remx15 folds
RaulGB07 raises 1000 to 2000
eu27 folds
RagouJR calls 1000
*** FLOP *** [Ad Td Jc]
RagouJR bets 3480
RaulGB07 folds
RagouJR collected 8700 from pot
*** SUMMARY ***
Total pot 8700 | No rake
Board: [Ad Td Jc]
Seat 2: RagouJR (big blind) won 8700


Winamax Poker - Tournament "Kill The Fish" buyIn: 4.50€ + 0.50€ level: 10 - HandId: #1117673000066351121-86-1546446856 - Holdem no limit (120/500/1000) - 2019/01/02 16:34:16 UTC
Table: 'Kill The Fish(260228524)#016' 6-max (real money) Seat #1 is the button
Seat 1: eu27 (21961)
Seat 2: RagouJR (77994)
Seat 3: manggy94 (35438)
Seat 4: Rucamor44 (29738)
Seat 5: Remx15 (14600)
Seat 6: RaulGB07 (73360)
*** ANTE/BLINDS ***
RagouJR posts ante 120
manggy94 posts ante 120
eu27 posts ante 120
Rucamor44 posts ante 120
Remx15 posts ante 120
RaulGB07 posts ante 120
RagouJR posts small blind 500
manggy94 posts big blind 1000
Dealt to manggy94 [Ah Kc]
*** PRE-FLOP *** 
Rucamor44 folds
Remx15 folds
RaulGB07 raises 1000 to 2000
eu27 folds
RagouJR calls 1500
manggy94 raises 33318 to 35318 and is all-in
RaulGB07 folds
RagouJR folds
manggy94 collected 40038 from pot
*** SUMMARY ***
Total pot 40038 | No rake
Seat 3: manggy94 (big blind) won 40038


Winamax Poker - Tournament "Kill The Fish" buyIn: 4.50€ + 0.50€ level: 10 - HandId: #1117673000066351121-87-1546446879 - Holdem no limit (120/500/1000) - 2019/01/02 16:34:39 UTC
Table: 'Kill The Fish(260228524)#016' 6-max (real money) Seat #2 is the button
Seat 1: eu27 (21841)
Seat 2: RagouJR (75874)
Seat 3: manggy94 (40038)
Seat 4: Rucamor44 (29618)
Seat 5: Remx15 (14480)
Seat 6: RaulGB07 (71240)
*** ANTE/BLINDS ***
manggy94 posts ante 120
Rucamor44 posts ante 120
eu27 posts ante 120
RagouJR posts ante 120
Remx15 posts ante 120
RaulGB07 posts ante 120
manggy94 posts small blind 500
Rucamor44 posts big blind 1000
Dealt to manggy94 [Jd Qh]
*** PRE-FLOP *** 
Remx15 folds
RaulGB07 raises 1000 to 2000
eu27 folds
RagouJR folds
manggy94 calls 1500
Rucamor44 folds
*** FLOP *** [Ad 4h 9d]
manggy94 bets 2000
RaulGB07 raises 4860 to 6860
manggy94 folds
RaulGB07 shows [8h 5h] (High card : Ace)
RaulGB07 collected 14580 from pot
*** SUMMARY ***
Total pot 14580 | No rake
Board: [Ad 4h 9d]
Seat 6: RaulGB07 showed [8h 5h] and won 14580 with High card : Ace


Winamax Poker - Tournament "Kill The Fish" buyIn: 4.50€ + 0.50€ level: 10 - HandId: #1117673000066351121-88-1546446910 - Holdem no limit (120/500/1000) - 2019/01/02 16:35:10 UTC
Table: 'Kill The Fish(260228524)#016' 6-max (real money) Seat #3 is the button
Seat 1: eu27 (21721)
Seat 2: RagouJR (75754)
Seat 3: manggy94 (35918)
Seat 4: Rucamor44 (28498)
Seat 5: Remx15 (14360)
Seat 6: RaulGB07 (76840)
*** ANTE/BLINDS ***
Rucamor44 posts ante 120
Remx15 posts ante 120
eu27 posts ante 120
RagouJR posts ante 120
manggy94 posts ante 120
RaulGB07 posts ante 120
Rucamor44 posts small blind 500
Remx15 posts big blind 1000
Dealt to manggy94 [Ks 5c]
*** PRE-FLOP *** 
RaulGB07 folds
eu27 folds
RagouJR calls 1000
manggy94 folds
Rucamor44 raises 27378 to 28378 and is all-in
Remx15 folds
RagouJR folds
Rucamor44 collected 31098 from pot
*** SUMMARY ***
Total pot 31098 | No rake
Seat 4: Rucamor44 (small blind) won 31098


Winamax Poker - Tournament "Kill The Fish" buyIn: 4.50€ + 0.50€ level: 10 - HandId: #1117673000066351121-89-1546446928 - Holdem no limit (120/500/1000) - 2019/01/02 16:35:28 UTC
Table: 'Kill The Fish(260228524)#016' 6-max (real money) Seat #4 is the button
Seat 1: eu27 (21601)
Seat 2: RagouJR (74634)
Seat 3: manggy94 (35798)
Seat 4: Rucamor44 (31098)
Seat 5: Remx15 (13240)
Seat 6: RaulGB07 (76720)
*** ANTE/BLINDS ***
Remx15 posts ante 120
RaulGB07 posts ante 120
eu27 posts ante 120
RagouJR posts ante 120
manggy94 posts ante 120
Rucamor44 posts ante 120
Remx15 posts small blind 500
RaulGB07 posts big blind 1000
Dealt to manggy94 [Qc Js]
*** PRE-FLOP *** 
eu27 folds
RagouJR folds
manggy94 raises 1000 to 2000
Rucamor44 folds
Remx15 raises 11120 to 13120 and is all-in
RaulGB07 calls 12120
manggy94 folds
*** FLOP *** [3c As 8h]
*** TURN *** [3c As 8h][9h]
*** RIVER *** [3c As 8h 9h][5d]
*** SHOW DOWN ***
RaulGB07 shows [Ac Jd] (One pair : Aces)
Remx15 shows [Kc Ad] (One pair : Aces)
Remx15 collected 28960 from pot
*** SUMMARY ***
Total pot 28960 | No rake
Board: [3c As 8h 9h 5d]
Seat 5: Remx15 (small blind) showed [Kc Ad] and won 28960 with One pair : Aces
Seat 6: RaulGB07 (big blind) showed [Ac Jd] and lost with One pair : Aces


Winamax Poker - Tournament "Kill The Fish" buyIn: 4.50€ + 0.50€ level: 11 - HandId: #1117673000066351121-90-1546446963 - Holdem no limit (160/600/1200) - 2019/01/02 16:36:03 UTC
Table: 'Kill The Fish(260228524)#016' 6-max (real money) Seat #5 is the button
Seat 1: eu27 (21481)
Seat 2: RagouJR (74514)
Seat 3: manggy94 (33678)
Seat 4: Rucamor44 (30978)
Seat 5: Remx15 (28960)
Seat 6: RaulGB07 (63480)
*** ANTE/BLINDS ***
RaulGB07 posts ante 160
eu27 posts ante 160
RagouJR posts ante 160
manggy94 posts ante 160
Rucamor44 posts ante 160
Remx15 posts ante 160
RaulGB07 posts small blind 600
eu27 posts big blind 1200
Dealt to manggy94 [2d 3h]
*** PRE-FLOP *** 
RagouJR folds
manggy94 folds
Rucamor44 folds
Remx15 folds
RaulGB07 raises 1200 to 2400
eu27 folds
RaulGB07 collected 4560 from pot
*** SUMMARY ***
Total pot 4560 | No rake
Seat 6: RaulGB07 (small blind) won 4560


Winamax Poker - Tournament "Kill The Fish" buyIn: 4.50€ + 0.50€ level: 11 - HandId: #1117673000066351121-91-1546446979 - Holdem no limit (160/600/1200) - 2019/01/02 16:36:19 UTC
Table: 'Kill The Fish(260228524)#016' 6-max (real money) Seat #6 is the button
Seat 1: eu27 (20121)
Seat 2: RagouJR (74354)
Seat 3: manggy94 (33518)
Seat 4: Rucamor44 (30818)
Seat 5: Remx15 (28800)
Seat 6: RaulGB07 (65480)
*** ANTE/BLINDS ***
eu27 posts ante 160
RagouJR posts ante 160
manggy94 posts ante 160
Rucamor44 posts ante 160
Remx15 posts ante 160
RaulGB07 posts ante 160
eu27 posts small blind 600
RagouJR posts big blind 1200
Dealt to manggy94 [7h Th]
*** PRE-FLOP *** 
manggy94 calls 1200
Rucamor44 raises 3000 to 4200
Remx15 folds
RaulGB07 folds
eu27 folds
RagouJR folds
manggy94 folds
Rucamor44 collected 8160 from pot
*** SUMMARY ***
Total pot 8160 | No rake
Seat 4: Rucamor44 won 8160


Winamax Poker - Tournament "Kill The Fish" buyIn: 4.50€ + 0.50€ level: 11 - HandId: #1117673000066351121-92-1546447000 - Holdem no limit (160/600/1200) - 2019/01/02 16:36:40 UTC
Table: 'Kill The Fish(260228524)#016' 6-max (real money) Seat #1 is the button
Seat 1: eu27 (19361)
Seat 2: RagouJR (72994)
Seat 3: manggy94 (32158)
Seat 4: Rucamor44 (34618)
Seat 5: Remx15 (28640)
Seat 6: RaulGB07 (65320)
*** ANTE/BLINDS ***
RagouJR posts ante 160
manggy94 posts ante 160
eu27 posts ante 160
Rucamor44 posts ante 160
Remx15 posts ante 160
RaulGB07 posts ante 160
RagouJR posts small blind 600
manggy94 posts big blind 1200
Dealt to manggy94 [3h Jh]
*** PRE-FLOP *** 
Rucamor44 folds
Remx15 folds
RaulGB07 raises 1200 to 2400
eu27 folds
RagouJR folds
manggy94 calls 1200
*** FLOP *** [3s Qs 4h]
manggy94 bets 1200
RaulGB07 calls 1200
*** TURN *** [3s Qs 4h][Kc]
manggy94 bets 4380
RaulGB07 calls 4380
*** RIVER *** [3s Qs 4h Kc][5h]
manggy94 checks
RaulGB07 bets 38211
manggy94 folds
RaulGB07 collected 55731 from pot
*** SUMMARY ***
Total pot 55731 | No rake
Board: [3s Qs 4h Kc 5h]
Seat 6: RaulGB07 won 55731


Winamax Poker - Tournament "Kill The Fish" buyIn: 4.50€ + 0.50€ level: 11 - HandId: #1117673000066351121-93-1546447044 - Holdem no limit (160/600/1200) - 2019/01/02 16:37:24 UTC
Table: 'Kill The Fish(260228524)#016' 6-max (real money) Seat #2 is the button
Seat 1: eu27 (19201)
Seat 2: RagouJR (72234)
Seat 3: manggy94 (24018)
Seat 4: Rucamor44 (34458)
Seat 5: Remx15 (28480)
Seat 6: RaulGB07 (74700)
*** ANTE/BLINDS ***
manggy94 posts ante 160
Rucamor44 posts ante 160
eu27 posts ante 160
RagouJR posts ante 160
Remx15 posts ante 160
RaulGB07 posts ante 160
manggy94 posts small blind 600
Rucamor44 posts big blind 1200
Dealt to manggy94 [9d 4c]
*** PRE-FLOP *** 
Remx15 folds
RaulGB07 raises 1200 to 2400
eu27 folds
RagouJR folds
manggy94 folds
Rucamor44 folds
RaulGB07 collected 5160 from pot
*** SUMMARY ***
Total pot 5160 | No rake
Seat 6: RaulGB07 won 5160


Winamax Poker - Tournament "Kill The Fish" buyIn: 4.50€ + 0.50€ level: 11 - HandId: #1117673000066351121-94-1546447057 - Holdem no limit (160/600/1200) - 2019/01/02 16:37:37 UTC
Table: 'Kill The Fish(260228524)#016' 6-max (real money) Seat #3 is the button
Seat 1: eu27 (19041)
Seat 2: RagouJR (72074)
Seat 3: manggy94 (23258)
Seat 4: Rucamor44 (33098)
Seat 5: Remx15 (28320)
Seat 6: RaulGB07 (77300)
*** ANTE/BLINDS ***
Rucamor44 posts ante 160
Remx15 posts ante 160
eu27 posts ante 160
RagouJR posts ante 160
manggy94 posts ante 160
RaulGB07 posts ante 160
Rucamor44 posts small blind 600
Remx15 posts big blind 1200
Dealt to manggy94 [Jh Ac]
*** PRE-FLOP *** 
RaulGB07 raises 1200 to 2400
eu27 folds
RagouJR raises 4800 to 7200
manggy94 raises 15898 to 23098 and is all-in
Rucamor44 folds
Remx15 folds
RaulGB07 folds
RagouJR calls 15898
*** FLOP *** [Qs Qh Td]
*** TURN *** [Qs Qh Td][4d]
*** RIVER *** [Qs Qh Td 4d][Kh]
*** SHOW DOWN ***
RagouJR shows [9c 9s] (Two pairs : Queens and 9)
manggy94 shows [Jh Ac] (Straight Ace high)
manggy94 collected 51356 from pot
*** SUMMARY ***
Total pot 51356 | No rake
Board: [Qs Qh Td 4d Kh]
Seat 2: RagouJR showed [9c 9s] and lost with Two pairs : Queens and 9
Seat 3: manggy94 (button) showed [Jh Ac] and won 51356 with Straight Ace high


Winamax Poker - Tournament "Kill The Fish" buyIn: 4.50€ + 0.50€ level: 11 - HandId: #1117673000066351121-95-1546447090 - Holdem no limit (160/600/1200) - 2019/01/02 16:38:10 UTC
Table: 'Kill The Fish(260228524)#016' 6-max (real money) Seat #4 is the button
Seat 1: eu27 (18881)
Seat 2: RagouJR (48816)
Seat 3: manggy94 (51356)
Seat 4: Rucamor44 (32338)
Seat 5: Remx15 (26960)
Seat 6: RaulGB07 (74740)
*** ANTE/BLINDS ***
Remx15 posts ante 160
RaulGB07 posts ante 160
eu27 posts ante 160
RagouJR posts ante 160
manggy94 posts ante 160
Rucamor44 posts ante 160
Remx15 posts small blind 600
RaulGB07 posts big blind 1200
Dealt to manggy94 [4s 2h]
*** PRE-FLOP *** 
eu27 raises 1380 to 2580
RagouJR folds
manggy94 folds
Rucamor44 raises 29598 to 32178 and is all-in
Remx15 folds
RaulGB07 folds
eu27 folds
Rucamor44 collected 37518 from pot
*** SUMMARY ***
Total pot 37518 | No rake
Seat 4: Rucamor44 (button) won 37518


Winamax Poker - Tournament "Kill The Fish" buyIn: 4.50€ + 0.50€ level: 11 - HandId: #1117673000066351121-96-1546447111 - Holdem no limit (160/600/1200) - 2019/01/02 16:38:31 UTC
Table: 'Kill The Fish(260228524)#016' 6-max (real money) Seat #5 is the button
Seat 1: eu27 (16141)
Seat 2: RagouJR (48656)
Seat 3: manggy94 (51196)
Seat 4: Rucamor44 (37518)
Seat 5: Remx15 (26200)
Seat 6: RaulGB07 (73380)
*** ANTE/BLINDS ***
RaulGB07 posts ante 160
eu27 posts ante 160
RagouJR posts ante 160
manggy94 posts ante 160
Rucamor44 posts ante 160
Remx15 posts ante 160
RaulGB07 posts small blind 600
eu27 posts big blind 1200
Dealt to manggy94 [2c 8h]
*** PRE-FLOP *** 
RagouJR folds
manggy94 folds
Rucamor44 folds
Remx15 folds
RaulGB07 raises 2400 to 3600
eu27 folds
RaulGB07 shows [9h As] (High card : Ace)
RaulGB07 collected 5760 from pot
*** SUMMARY ***
Total pot 5760 | No rake
Seat 6: RaulGB07 (small blind) showed [9h As] and won 5760 with High card : Ace


Winamax Poker - Tournament "Kill The Fish" buyIn: 4.50€ + 0.50€ level: 11 - HandId: #1117673000066351121-97-1546447135 - Holdem no limit (160/600/1200) - 2019/01/02 16:38:55 UTC
Table: 'Kill The Fish(260228524)#016' 6-max (real money) Seat #6 is the button
Seat 1: eu27 (14781)
Seat 2: RagouJR (48496)
Seat 3: manggy94 (51036)
Seat 4: Rucamor44 (37358)
Seat 5: Remx15 (26040)
Seat 6: RaulGB07 (75380)
*** ANTE/BLINDS ***
eu27 posts ante 160
RagouJR posts ante 160
manggy94 posts ante 160
Rucamor44 posts ante 160
Remx15 posts ante 160
RaulGB07 posts ante 160
eu27 posts small blind 600
RagouJR posts big blind 1200
Dealt to manggy94 [Qd Ts]
*** PRE-FLOP *** 
manggy94 raises 1200 to 2400
Rucamor44 folds
Remx15 folds
RaulGB07 calls 2400
eu27 folds
RagouJR calls 1200
*** FLOP *** [Qc 8d Jc]
RagouJR checks
manggy94 bets 5840
RaulGB07 folds
RagouJR folds
manggy94 collected 14600 from pot
*** SUMMARY ***
Total pot 14600 | No rake
Board: [Qc 8d Jc]
Seat 3: manggy94 won 14600


Winamax Poker - Tournament "Kill The Fish" buyIn: 4.50€ + 0.50€ level: 11 - HandId: #1117673000066351121-98-1546447169 - Holdem no limit (160/600/1200) - 2019/01/02 16:39:29 UTC
Table: 'Kill The Fish(260228524)#016' 6-max (real money) Seat #1 is the button
Seat 1: eu27 (14021)
Seat 2: RagouJR (45936)
Seat 3: manggy94 (57236)
Seat 4: Rucamor44 (37198)
Seat 5: Remx15 (25880)
Seat 6: RaulGB07 (72820)
*** ANTE/BLINDS ***
RagouJR posts ante 160
manggy94 posts ante 160
eu27 posts ante 160
Rucamor44 posts ante 160
Remx15 posts ante 160
RaulGB07 posts ante 160
RagouJR posts small blind 600
manggy94 posts big blind 1200
Dealt to manggy94 [Ad 3h]
*** PRE-FLOP *** 
Rucamor44 raises 1560 to 2760
Remx15 folds
RaulGB07 folds
eu27 folds
RagouJR folds
manggy94 calls 1560
*** FLOP *** [6c Jh Jd]
manggy94 checks
Rucamor44 bets 2360
manggy94 folds
Rucamor44 collected 9440 from pot
*** SUMMARY ***
Total pot 9440 | No rake
Board: [6c Jh Jd]
Seat 4: Rucamor44 won 9440


Winamax Poker - Tournament "Kill The Fish" buyIn: 4.50€ + 0.50€ level: 11 - HandId: #1117673000066351121-99-1546447193 - Holdem no limit (160/600/1200) - 2019/01/02 16:39:53 UTC
Table: 'Kill The Fish(260228524)#016' 6-max (real money) Seat #2 is the button
Seat 1: eu27 (13861)
Seat 2: RagouJR (45176)
Seat 3: manggy94 (54316)
Seat 4: Rucamor44 (41358)
Seat 5: Remx15 (25720)
Seat 6: RaulGB07 (72660)
*** ANTE/BLINDS ***
manggy94 posts ante 160
Rucamor44 posts ante 160
eu27 posts ante 160
RagouJR posts ante 160
Remx15 posts ante 160
RaulGB07 posts ante 160
manggy94 posts small blind 600
Rucamor44 posts big blind 1200
Dealt to manggy94 [4d 3s]
*** PRE-FLOP *** 
Remx15 raises 1572 to 2772
RaulGB07 folds
eu27 folds
RagouJR calls 2772
manggy94 folds
Rucamor44 calls 1572
*** FLOP *** [6d 8d 8c]
Rucamor44 checks
Remx15 checks
RagouJR checks
*** TURN *** [6d 8d 8c][7s]
Rucamor44 checks
Remx15 checks
RagouJR bets 9876
Rucamor44 folds
Remx15 folds
RagouJR collected 19752 from pot
*** SUMMARY ***
Total pot 19752 | No rake
Board: [6d 8d 8c 7s]
Seat 2: RagouJR (button) won 19752


Winamax Poker - Tournament "Kill The Fish" buyIn: 4.50€ + 0.50€ level: 11 - HandId: #1117673000066351121-100-1546447266 - Holdem no limit (160/600/1200) - 2019/01/02 16:41:06 UTC
Table: 'Kill The Fish(260228524)#016' 6-max (real money) Seat #3 is the button
Seat 1: eu27 (13701)
Seat 2: RagouJR (52120)
Seat 3: manggy94 (53556)
Seat 4: Rucamor44 (38426)
Seat 5: Remx15 (22788)
Seat 6: RaulGB07 (72500)
*** ANTE/BLINDS ***
Rucamor44 posts ante 160
Remx15 posts ante 160
eu27 posts ante 160
RagouJR posts ante 160
manggy94 posts ante 160
RaulGB07 posts ante 160
Rucamor44 posts small blind 600
Remx15 posts big blind 1200
Dealt to manggy94 [9d Jd]
*** PRE-FLOP *** 
RaulGB07 raises 1200 to 2400
eu27 folds
RagouJR folds
manggy94 raises 1200 to 3600
Rucamor44 folds
Remx15 folds
RaulGB07 calls 1200
*** FLOP *** [Ad 5s Td]
RaulGB07 checks
manggy94 bets 4980
RaulGB07 folds
manggy94 collected 14940 from pot
*** SUMMARY ***
Total pot 14940 | No rake
Board: [Ad 5s Td]
Seat 3: manggy94 (button) won 14940


Winamax Poker - Tournament "Kill The Fish" buyIn: 4.50€ + 0.50€ level: 11 - HandId: #1117673000066351121-101-1546447304 - Holdem no limit (160/600/1200) - 2019/01/02 16:41:44 UTC
Table: 'Kill The Fish(260228524)#016' 6-max (real money) Seat #4 is the button
Seat 1: eu27 (13541)
Seat 2: RagouJR (51960)
Seat 3: manggy94 (59756)
Seat 4: Rucamor44 (37666)
Seat 5: Remx15 (21428)
Seat 6: RaulGB07 (68740)
*** ANTE/BLINDS ***
Remx15 posts ante 160
RaulGB07 posts ante 160
eu27 posts ante 160
RagouJR posts ante 160
manggy94 posts ante 160
Rucamor44 posts ante 160
Remx15 posts small blind 600
RaulGB07 posts big blind 1200
Dealt to manggy94 [3d Jd]
*** PRE-FLOP *** 
eu27 folds
RagouJR folds
manggy94 folds
Rucamor44 folds
Remx15 folds
RaulGB07 collected 2760 from pot
*** SUMMARY ***
Total pot 2760 | No rake
Seat 6: RaulGB07 (big blind) won 2760


Winamax Poker - Tournament "Kill The Fish" buyIn: 4.50€ + 0.50€ level: 11 - HandId: #1117673000066351121-102-1546447317 - Holdem no limit (160/600/1200) - 2019/01/02 16:41:57 UTC
Table: 'Kill The Fish(260228524)#016' 6-max (real money) Seat #5 is the button
Seat 1: eu27 (13381)
Seat 2: RagouJR (51800)
Seat 3: manggy94 (59596)
Seat 4: Rucamor44 (37506)
Seat 5: Remx15 (20668)
Seat 6: RaulGB07 (70140)
*** ANTE/BLINDS ***
RaulGB07 posts ante 160
eu27 posts ante 160
RagouJR posts ante 160
manggy94 posts ante 160
Rucamor44 posts ante 160
Remx15 posts ante 160
RaulGB07 posts small blind 600
eu27 posts big blind 1200
Dealt to manggy94 [Th 8s]
*** PRE-FLOP *** 
RagouJR raises 1200 to 2400
manggy94 folds
Rucamor44 folds
Remx15 folds
RaulGB07 folds
eu27 folds
RagouJR collected 5160 from pot
*** SUMMARY ***
Total pot 5160 | No rake
Seat 2: RagouJR won 5160


Winamax Poker - Tournament "Kill The Fish" buyIn: 4.50€ + 0.50€ level: 12 - HandId: #1117673000066351121-103-1546447332 - Holdem no limit (200/800/1600) - 2019/01/02 16:42:12 UTC
Table: 'Kill The Fish(260228524)#016' 6-max (real money) Seat #6 is the button
Seat 1: eu27 (12021)
Seat 2: RagouJR (54400)
Seat 3: manggy94 (59436)
Seat 4: Rucamor44 (37346)
Seat 5: Remx15 (20508)
Seat 6: RaulGB07 (69380)
*** ANTE/BLINDS ***
eu27 posts ante 200
RagouJR posts ante 200
manggy94 posts ante 200
Rucamor44 posts ante 200
Remx15 posts ante 200
RaulGB07 posts ante 200
eu27 posts small blind 800
RagouJR posts big blind 1600
Dealt to manggy94 [4h Kd]
*** PRE-FLOP *** 
manggy94 folds
Rucamor44 folds
Remx15 folds
RaulGB07 raises 1600 to 3200
eu27 folds
RagouJR calls 1600
*** FLOP *** [9s Ts 2d]
RagouJR checks
RaulGB07 bets 6300
RagouJR folds
RaulGB07 collected 14700 from pot
*** SUMMARY ***
Total pot 14700 | No rake
Board: [9s Ts 2d]
Seat 6: RaulGB07 (button) won 14700


Winamax Poker - Tournament "Kill The Fish" buyIn: 4.50€ + 0.50€ level: 12 - HandId: #1117673000066351121-104-1546447371 - Holdem no limit (200/800/1600) - 2019/01/02 16:42:51 UTC
Table: 'Kill The Fish(260228524)#016' 6-max (real money) Seat #1 is the button
Seat 1: eu27 (11021)
Seat 2: RagouJR (51000)
Seat 3: manggy94 (59236)
Seat 4: Rucamor44 (37146)
Seat 5: Remx15 (20308)
Seat 6: RaulGB07 (74380)
*** ANTE/BLINDS ***
RagouJR posts ante 200
manggy94 posts ante 200
eu27 posts ante 200
Rucamor44 posts ante 200
Remx15 posts ante 200
RaulGB07 posts ante 200
RagouJR posts small blind 800
manggy94 posts big blind 1600
Dealt to manggy94 [7s 2d]
*** PRE-FLOP *** 
Rucamor44 folds
Remx15 raises 18508 to 20108 and is all-in
RaulGB07 folds
eu27 calls 10821 and is all-in
RagouJR folds
manggy94 folds
*** FLOP *** [9s 8c Jd]
*** TURN *** [9s 8c Jd][Kd]
*** RIVER *** [9s 8c Jd Kd][2c]
*** SHOW DOWN ***
eu27 shows [Ac Qh] (High card : Ace)
Remx15 shows [4d 4s] (One pair : 4)
Remx15 collected 34529 from pot
*** SUMMARY ***
Total pot 34529 | No rake
Board: [9s 8c Jd Kd 2c]
Seat 1: eu27 (button) showed [Ac Qh] and lost with High card : Ace
Seat 5: Remx15 showed [4d 4s] and won 34529 with One pair : 4


Winamax Poker - Tournament "Kill The Fish" buyIn: 4.50€ + 0.50€ level: 12 - HandId: #1117673000066351121-105-1546447396 - Holdem no limit (200/800/1600) - 2019/01/02 16:43:16 UTC
Table: 'Kill The Fish(260228524)#016' 6-max (real money) Seat #2 is the button
Seat 2: RagouJR (50000)
Seat 3: manggy94 (57436)
Seat 4: Rucamor44 (36946)
Seat 5: Remx15 (34529)
Seat 6: RaulGB07 (74180)
*** ANTE/BLINDS ***
manggy94 posts ante 200
Rucamor44 posts ante 200
RagouJR posts ante 200
Remx15 posts ante 200
RaulGB07 posts ante 200
manggy94 posts small blind 800
Rucamor44 posts big blind 1600
Dealt to manggy94 [3s 8d]
*** PRE-FLOP *** 
Remx15 folds
RaulGB07 calls 1600
RagouJR calls 1600
manggy94 folds
Rucamor44 checks
*** FLOP *** [Qs Td Th]
Rucamor44 checks
RaulGB07 checks
RagouJR bets 6600
Rucamor44 folds
RaulGB07 folds
RagouJR collected 13200 from pot
*** SUMMARY ***
Total pot 13200 | No rake
Board: [Qs Td Th]
Seat 2: RagouJR (button) won 13200


Winamax Poker - Tournament "Kill The Fish" buyIn: 4.50€ + 0.50€ level: 12 - HandId: #1117673000066351121-106-1546447433 - Holdem no limit (200/800/1600) - 2019/01/02 16:43:53 UTC
Table: 'Kill The Fish(260228524)#016' 6-max (real money) Seat #3 is the button
Seat 1: kidbul (30186)
Seat 2: RagouJR (54800)
Seat 3: manggy94 (56436)
Seat 4: Rucamor44 (35146)
Seat 5: Remx15 (34329)
Seat 6: RaulGB07 (72380)
*** ANTE/BLINDS ***
Rucamor44 posts ante 200
Remx15 posts ante 200
kidbul posts ante 200
RagouJR posts ante 200
manggy94 posts ante 200
RaulGB07 posts ante 200
Rucamor44 posts small blind 800
Remx15 posts big blind 1600
Dealt to manggy94 [8h 2s]
*** PRE-FLOP *** 
RaulGB07 raises 1600 to 3200
kidbul folds
RagouJR folds
manggy94 folds
Rucamor44 folds
Remx15 calls 1600
*** FLOP *** [Ts 4s As]
Remx15 checks
RaulGB07 checks
*** TURN *** [Ts 4s As][Js]
Remx15 checks
RaulGB07 checks
*** RIVER *** [Ts 4s As Js][Jc]
Remx15 checks
RaulGB07 bets 1600
Remx15 folds
RaulGB07 collected 10000 from pot
*** SUMMARY ***
Total pot 10000 | No rake
Board: [Ts 4s As Js Jc]
Seat 6: RaulGB07 won 10000


Winamax Poker - Tournament "Kill The Fish" buyIn: 4.50€ + 0.50€ level: 12 - HandId: #1117673000066351121-107-1546447469 - Holdem no limit (200/800/1600) - 2019/01/02 16:44:29 UTC
Table: 'Kill The Fish(260228524)#016' 6-max (real money) Seat #4 is the button
Seat 1: kidbul (29986)
Seat 2: RagouJR (54600)
Seat 3: manggy94 (56236)
Seat 4: Rucamor44 (34146)
Seat 5: Remx15 (30929)
Seat 6: RaulGB07 (77380)
*** ANTE/BLINDS ***
Remx15 posts ante 200
RaulGB07 posts ante 200
kidbul posts ante 200
RagouJR posts ante 200
manggy94 posts ante 200
Rucamor44 posts ante 200
Remx15 posts small blind 800
RaulGB07 posts big blind 1600
Dealt to manggy94 [7h 4d]
*** PRE-FLOP *** 
kidbul folds
RagouJR folds
manggy94 folds
Rucamor44 raises 1600 to 3200
Remx15 folds
RaulGB07 calls 1600
*** FLOP *** [8h 3c Jc]
RaulGB07 checks
Rucamor44 checks
*** TURN *** [8h 3c Jc][Ks]
RaulGB07 checks
Rucamor44 checks
*** RIVER *** [8h 3c Jc Ks][5s]
RaulGB07 bets 4200
Rucamor44 folds
RaulGB07 collected 12600 from pot
*** SUMMARY ***
Total pot 12600 | No rake
Board: [8h 3c Jc Ks 5s]
Seat 6: RaulGB07 (big blind) won 12600


Winamax Poker - Tournament "Kill The Fish" buyIn: 4.50€ + 0.50€ level: 12 - HandId: #1117673000066351121-108-1546447507 - Holdem no limit (200/800/1600) - 2019/01/02 16:45:07 UTC
Table: 'Kill The Fish(260228524)#016' 6-max (real money) Seat #5 is the button
Seat 1: kidbul (29786)
Seat 2: RagouJR (54400)
Seat 3: manggy94 (56036)
Seat 4: Rucamor44 (30746)
Seat 5: Remx15 (29929)
Seat 6: RaulGB07 (82380)
*** ANTE/BLINDS ***
RaulGB07 posts ante 200
kidbul posts ante 200
RagouJR posts ante 200
manggy94 posts ante 200
Rucamor44 posts ante 200
Remx15 posts ante 200
RaulGB07 posts small blind 800
kidbul posts big blind 1600
Dealt to manggy94 [Qs 2d]
*** PRE-FLOP *** 
RagouJR folds
manggy94 folds
Rucamor44 folds
Remx15 raises 1600 to 3200
RaulGB07 calls 2400
kidbul folds
*** FLOP *** [6s 4d 6d]
RaulGB07 checks
Remx15 bets 3036
RaulGB07 raises 15272 to 18308
Remx15 folds
RaulGB07 collected 30544 from pot
*** SUMMARY ***
Total pot 30544 | No rake
Board: [6s 4d 6d]
Seat 6: RaulGB07 (small blind) won 30544


Winamax Poker - Tournament "Kill The Fish" buyIn: 4.50€ + 0.50€ level: 12 - HandId: #1117673000066351121-109-1546447533 - Holdem no limit (200/800/1600) - 2019/01/02 16:45:33 UTC
Table: 'Kill The Fish(260228524)#016' 6-max (real money) Seat #6 is the button
Seat 1: kidbul (27986)
Seat 2: RagouJR (54200)
Seat 3: manggy94 (55836)
Seat 4: Rucamor44 (30546)
Seat 5: Remx15 (23493)
Seat 6: RaulGB07 (91216)
*** ANTE/BLINDS ***
kidbul posts ante 200
RagouJR posts ante 200
manggy94 posts ante 200
Rucamor44 posts ante 200
Remx15 posts ante 200
RaulGB07 posts ante 200
kidbul posts small blind 800
RagouJR posts big blind 1600
Dealt to manggy94 [2d 5d]
*** PRE-FLOP *** 
manggy94 folds
Rucamor44 raises 1600 to 3200
Remx15 folds
RaulGB07 calls 3200
kidbul folds
RagouJR calls 1600
*** FLOP *** [6h 8d Td]
RagouJR checks
Rucamor44 checks
RaulGB07 checks
*** TURN *** [6h 8d Td][5s]
RagouJR bets 8700
Rucamor44 calls 8700
RaulGB07 calls 8700
*** RIVER *** [6h 8d Td 5s][Jd]
RagouJR bets 42100 and is all-in
Rucamor44 folds
RaulGB07 calls 42100
*** SHOW DOWN ***
RagouJR shows [3c 7c] (High card : Jack)
RaulGB07 shows [Qh Jh] (One pair : Jacks)
RaulGB07 collected 121900 from pot
*** SUMMARY ***
Total pot 121900 | No rake
Board: [6h 8d Td 5s Jd]
Seat 2: RagouJR (big blind) showed [3c 7c] and lost with High card : Jack
Seat 6: RaulGB07 (button) showed [Qh Jh] and won 121900 with One pair : Jacks


Winamax Poker - Tournament "Kill The Fish" buyIn: 4.50€ + 0.50€ level: 12 - HandId: #1117673000066351121-110-1546447599 - Holdem no limit (200/800/1600) - 2019/01/02 16:46:39 UTC
Table: 'Kill The Fish(260228524)#016' 6-max (real money) Seat #1 is the button
Seat 1: kidbul (26986)
Seat 3: manggy94 (55636)
Seat 4: Rucamor44 (18446)
Seat 5: Remx15 (23293)
Seat 6: RaulGB07 (158916)
*** ANTE/BLINDS ***
manggy94 posts ante 200
kidbul posts ante 200
Rucamor44 posts ante 200
Remx15 posts ante 200
RaulGB07 posts ante 200
manggy94 posts big blind 1600
Dealt to manggy94 [Ac Td]
*** PRE-FLOP *** 
Rucamor44 folds
Remx15 folds
RaulGB07 raises 1600 to 3200
kidbul folds
manggy94 raises 52236 to 55436 and is all-in
RaulGB07 folds
manggy94 collected 59636 from pot
*** SUMMARY ***
Total pot 59636 | No rake
Seat 3: manggy94 (big blind) won 59636


Winamax Poker - Tournament "Kill The Fish" buyIn: 4.50€ + 0.50€ level: 12 - HandId: #1117673000066351121-111-1546447620 - Holdem no limit (200/800/1600) - 2019/01/02 16:47:00 UTC
Table: 'Kill The Fish(260228524)#016' 6-max (real money) Seat #2 is the button
Seat 1: kidbul (26786)
Seat 2: Manuxium (60870)
Seat 3: manggy94 (59636)
Seat 4: Rucamor44 (18246)
Seat 5: Remx15 (23093)
Seat 6: RaulGB07 (155516)
*** ANTE/BLINDS ***
manggy94 posts ante 200
Rucamor44 posts ante 200
kidbul posts ante 200
Remx15 posts ante 200
RaulGB07 posts ante 200
manggy94 posts small blind 800
Rucamor44 posts big blind 1600
Dealt to manggy94 [8d Th]
*** PRE-FLOP *** 
Remx15 raises 21293 to 22893 and is all-in
RaulGB07 folds
kidbul folds
manggy94 folds
Rucamor44 folds
Remx15 collected 26293 from pot
*** SUMMARY ***
Total pot 26293 | No rake
Seat 5: Remx15 won 26293


Winamax Poker - Tournament "Kill The Fish" buyIn: 4.50€ + 0.50€ level: 12 - HandId: #1117673000066351121-112-1546447632 - Holdem no limit (200/800/1600) - 2019/01/02 16:47:12 UTC
Table: 'Kill The Fish(260228524)#016' 6-max (real money) Seat #3 is the button
Seat 1: kidbul (26586)
Seat 2: Manuxium (60870)
Seat 3: manggy94 (58636)
Seat 4: Rucamor44 (16446)
Seat 5: Remx15 (26293)
Seat 6: RaulGB07 (155316)
*** ANTE/BLINDS ***
Rucamor44 posts ante 200
Remx15 posts ante 200
kidbul posts ante 200
Manuxium posts ante 200
manggy94 posts ante 200
RaulGB07 posts ante 200
Rucamor44 posts small blind 800
Remx15 posts big blind 1600
Dealt to manggy94 [2s Ah]
*** PRE-FLOP *** 
RaulGB07 raises 1600 to 3200
kidbul folds
Manuxium folds
manggy94 folds
Rucamor44 folds
Remx15 folds
RaulGB07 collected 6800 from pot
*** SUMMARY ***
Total pot 6800 | No rake
Seat 6: RaulGB07 won 6800


Winamax Poker - Tournament "Kill The Fish" buyIn: 4.50€ + 0.50€ level: 12 - HandId: #1117673000066351121-113-1546447651 - Holdem no limit (200/800/1600) - 2019/01/02 16:47:31 UTC
Table: 'Kill The Fish(260228524)#016' 6-max (real money) Seat #4 is the button
Seat 1: kidbul (26386)
Seat 2: Manuxium (60670)
Seat 3: manggy94 (58436)
Seat 4: Rucamor44 (15446)
Seat 5: Remx15 (24493)
Seat 6: RaulGB07 (158716)
*** ANTE/BLINDS ***
Remx15 posts ante 200
RaulGB07 posts ante 200
kidbul posts ante 200
Manuxium posts ante 200
manggy94 posts ante 200
Rucamor44 posts ante 200
Remx15 posts small blind 800
RaulGB07 posts big blind 1600
Dealt to manggy94 [Jc 2c]
*** PRE-FLOP *** 
kidbul folds
Manuxium folds
manggy94 folds
Rucamor44 raises 13646 to 15246 and is all-in
Remx15 raises 9047 to 24293 and is all-in
RaulGB07 folds
*** FLOP *** [8c Qs 8d]
*** TURN *** [8c Qs 8d][3h]
*** RIVER *** [8c Qs 8d 3h][Kh]
*** SHOW DOWN ***
Rucamor44 shows [Jh 9s] (One pair : 8)
Remx15 shows [Ac Ks] (Two pairs : Kings and 8)
Remx15 collected 42339 from pot
*** SUMMARY ***
Total pot 42339 | No rake
Board: [8c Qs 8d 3h Kh]
Seat 4: Rucamor44 (button) showed [Jh 9s] and lost with One pair : 8
Seat 5: Remx15 (small blind) showed [Ac Ks] and won 42339 with Two pairs : Kings and 8


Winamax Poker - Tournament "Kill The Fish" buyIn: 4.50€ + 0.50€ level: 12 - HandId: #1117673000066351121-114-1546447680 - Holdem no limit (200/800/1600) - 2019/01/02 16:48:00 UTC
Table: 'Kill The Fish(260228524)#016' 6-max (real money) Seat #5 is the button
Seat 1: kidbul (26186)
Seat 2: Manuxium (60470)
Seat 3: manggy94 (58236)
Seat 5: Remx15 (42339)
Seat 6: RaulGB07 (156916)
*** ANTE/BLINDS ***
RaulGB07 posts ante 200
kidbul posts ante 200
Manuxium posts ante 200
manggy94 posts ante 200
Remx15 posts ante 200
RaulGB07 posts small blind 800
kidbul posts big blind 1600
Dealt to manggy94 [9c 4c]
*** PRE-FLOP *** 
Manuxium folds
manggy94 folds
Remx15 folds
RaulGB07 raises 1600 to 3200
kidbul folds
RaulGB07 shows [Th Ts] (One pair : Tens)
RaulGB07 collected 5800 from pot
*** SUMMARY ***
Total pot 5800 | No rake
Seat 6: RaulGB07 (small blind) showed [Th Ts] and won 5800 with One pair : Tens


Winamax Poker - Tournament "Kill The Fish" buyIn: 4.50€ + 0.50€ level: 13 - HandId: #1117673000066351121-115-1546447705 - Holdem no limit (250/1000/2000) - 2019/01/02 16:48:25 UTC
Table: 'Kill The Fish(260228524)#016' 6-max (real money) Seat #6 is the button
Seat 1: kidbul (24386)
Seat 2: Manuxium (60270)
Seat 3: manggy94 (58036)
Seat 5: Remx15 (42139)
Seat 6: RaulGB07 (159316)
*** ANTE/BLINDS ***
kidbul posts ante 250
Manuxium posts ante 250
manggy94 posts ante 250
Remx15 posts ante 250
RaulGB07 posts ante 250
kidbul posts small blind 1000
Manuxium posts big blind 2000
Dealt to manggy94 [Qh Js]
*** PRE-FLOP *** 
manggy94 raises 2000 to 4000
Remx15 folds
RaulGB07 folds
kidbul folds
Manuxium folds
manggy94 collected 8250 from pot
*** SUMMARY ***
Total pot 8250 | No rake
Seat 3: manggy94 won 8250


Winamax Poker - Tournament "Kill The Fish" buyIn: 4.50€ + 0.50€ level: 13 - HandId: #1117673000066351121-116-1546447715 - Holdem no limit (250/1000/2000) - 2019/01/02 16:48:35 UTC
Table: 'Kill The Fish(260228524)#016' 6-max (real money) Seat #1 is the button
Seat 1: kidbul (23136)
Seat 2: Manuxium (58020)
Seat 3: manggy94 (62036)
Seat 5: Remx15 (41889)
Seat 6: RaulGB07 (159066)
*** ANTE/BLINDS ***
Manuxium posts ante 250
manggy94 posts ante 250
kidbul posts ante 250
Remx15 posts ante 250
RaulGB07 posts ante 250
Manuxium posts small blind 1000
manggy94 posts big blind 2000
Dealt to manggy94 [Js 9d]
*** PRE-FLOP *** 
Remx15 raises 2000 to 4000
RaulGB07 folds
kidbul folds
Manuxium folds
manggy94 calls 2000
*** FLOP *** [Td 3h 9c]
manggy94 bets 5125
Remx15 folds
manggy94 collected 15375 from pot
*** SUMMARY ***
Total pot 15375 | No rake
Board: [Td 3h 9c]
Seat 3: manggy94 (big blind) won 15375


Winamax Poker - Tournament "Kill The Fish" buyIn: 4.50€ + 0.50€ level: 13 - HandId: #1117673000066351121-117-1546447737 - Holdem no limit (250/1000/2000) - 2019/01/02 16:48:57 UTC
Table: 'Kill The Fish(260228524)#016' 6-max (real money) Seat #2 is the button
Seat 1: kidbul (22886)
Seat 2: Manuxium (56770)
Seat 3: manggy94 (68036)
Seat 5: Remx15 (37639)
Seat 6: RaulGB07 (158816)
*** ANTE/BLINDS ***
manggy94 posts ante 250
Remx15 posts ante 250
kidbul posts ante 250
Manuxium posts ante 250
RaulGB07 posts ante 250
manggy94 posts small blind 1000
Remx15 posts big blind 2000
Dealt to manggy94 [5h 2h]
*** PRE-FLOP *** 
RaulGB07 raises 2000 to 4000
kidbul folds
Manuxium folds
manggy94 folds
Remx15 folds
RaulGB07 collected 8250 from pot
*** SUMMARY ***
Total pot 8250 | No rake
Seat 6: RaulGB07 won 8250


Winamax Poker - Tournament "Kill The Fish" buyIn: 4.50€ + 0.50€ level: 13 - HandId: #1117673000066351121-118-1546447750 - Holdem no limit (250/1000/2000) - 2019/01/02 16:49:10 UTC
Table: 'Kill The Fish(260228524)#016' 6-max (real money) Seat #3 is the button
Seat 1: kidbul (22636)
Seat 2: Manuxium (56520)
Seat 3: manggy94 (66786)
Seat 5: Remx15 (35389)
Seat 6: RaulGB07 (162816)
*** ANTE/BLINDS ***
Remx15 posts ante 250
RaulGB07 posts ante 250
kidbul posts ante 250
Manuxium posts ante 250
manggy94 posts ante 250
Remx15 posts small blind 1000
RaulGB07 posts big blind 2000
Dealt to manggy94 [2c 8h]
*** PRE-FLOP *** 
kidbul raises 20386 to 22386 and is all-in
Manuxium folds
manggy94 folds
Remx15 raises 12753 to 35139 and is all-in
RaulGB07 folds
*** FLOP *** [5h 7s Ah]
*** TURN *** [5h 7s Ah][6s]
*** RIVER *** [5h 7s Ah 6s][Qc]
*** SHOW DOWN ***
kidbul shows [Jc Ks] (High card : Ace)
Remx15 shows [Jh Ad] (One pair : Aces)
Remx15 collected 60775 from pot
*** SUMMARY ***
Total pot 60775 | No rake
Board: [5h 7s Ah 6s Qc]
Seat 1: kidbul showed [Jc Ks] and lost with High card : Ace
Seat 5: Remx15 (small blind) showed [Jh Ad] and won 60775 with One pair : Aces


Winamax Poker - Tournament "Kill The Fish" buyIn: 4.50€ + 0.50€ level: 13 - HandId: #1117673000066351121-119-1546447774 - Holdem no limit (250/1000/2000) - 2019/01/02 16:49:34 UTC
Table: 'Kill The Fish(260228524)#016' 6-max (real money) Seat #5 is the button
Seat 2: Manuxium (56270)
Seat 3: manggy94 (66536)
Seat 4: pocareman (27540)
Seat 5: Remx15 (60775)
Seat 6: RaulGB07 (160566)
*** ANTE/BLINDS ***
RaulGB07 posts ante 250
Manuxium posts ante 250
manggy94 posts ante 250
pocareman posts ante 250
Remx15 posts ante 250
RaulGB07 posts small blind 1000
Manuxium posts big blind 2000
Dealt to manggy94 [Th 4h]
*** PRE-FLOP *** 
manggy94 folds
pocareman raises 8000 to 10000
Remx15 folds
RaulGB07 folds
Manuxium folds
pocareman collected 14250 from pot
*** SUMMARY ***
Total pot 14250 | No rake
Seat 4: pocareman won 14250


Winamax Poker - Tournament "Kill The Fish" buyIn: 4.50€ + 0.50€ level: 13 - HandId: #1117673000066351121-120-1546447791 - Holdem no limit (250/1000/2000) - 2019/01/02 16:49:51 UTC
Table: 'Kill The Fish(260228524)#016' 6-max (real money) Seat #6 is the button
Seat 2: Manuxium (54020)
Seat 3: manggy94 (66286)
Seat 4: pocareman (31540)
Seat 5: Remx15 (60525)
Seat 6: RaulGB07 (159316)
*** ANTE/BLINDS ***
Manuxium posts ante 250
manggy94 posts ante 250
pocareman posts ante 250
Remx15 posts ante 250
RaulGB07 posts ante 250
Manuxium posts small blind 1000
manggy94 posts big blind 2000
Dealt to manggy94 [8d 9c]
*** PRE-FLOP *** 
pocareman folds
Remx15 folds
RaulGB07 raises 2000 to 4000
Manuxium calls 3000
manggy94 calls 2000
*** FLOP *** [9d 7d Jh]
Manuxium checks
manggy94 bets 6625
RaulGB07 calls 6625
Manuxium folds
*** TURN *** [9d 7d Jh][Jd]
manggy94 checks
RaulGB07 checks
*** RIVER *** [9d 7d Jh Jd][6h]
manggy94 checks
RaulGB07 bets 13250
manggy94 calls 13250
*** SHOW DOWN ***
manggy94 shows [8d 9c] (Two pairs : Jacks and 9)
RaulGB07 shows [Ts 8c] (Straight Jack high)
RaulGB07 collected 53000 from pot
*** SUMMARY ***
Total pot 53000 | No rake
Board: [9d 7d Jh Jd 6h]
Seat 3: manggy94 (big blind) showed [8d 9c] and lost with Two pairs : Jacks and 9
Seat 6: RaulGB07 (button) showed [Ts 8c] and won 53000 with Straight Jack high


Winamax Poker - Tournament "Kill The Fish" buyIn: 4.50€ + 0.50€ level: 13 - HandId: #1117673000066351121-121-1546447834 - Holdem no limit (250/1000/2000) - 2019/01/02 16:50:34 UTC
Table: 'Kill The Fish(260228524)#016' 6-max (real money) Seat #2 is the button
Seat 2: Manuxium (49770)
Seat 3: manggy94 (42161)
Seat 4: pocareman (31290)
Seat 5: Remx15 (60275)
Seat 6: RaulGB07 (188191)
*** ANTE/BLINDS ***
manggy94 posts ante 250
pocareman posts ante 250
Manuxium posts ante 250
Remx15 posts ante 250
RaulGB07 posts ante 250
manggy94 posts small blind 1000
pocareman posts big blind 2000
Dealt to manggy94 [3h 2c]
*** PRE-FLOP *** 
Remx15 folds
RaulGB07 raises 2000 to 4000
Manuxium folds
manggy94 folds
pocareman folds
RaulGB07 collected 8250 from pot
*** SUMMARY ***
Total pot 8250 | No rake
Seat 6: RaulGB07 won 8250


Winamax Poker - Tournament "Kill The Fish" buyIn: 4.50€ + 0.50€ level: 13 - HandId: #1117673000066351121-122-1546447858 - Holdem no limit (250/1000/2000) - 2019/01/02 16:50:58 UTC
Table: 'Kill The Fish(260228524)#016' 6-max (real money) Seat #3 is the button
Seat 2: Manuxium (49520)
Seat 3: manggy94 (40911)
Seat 4: pocareman (29040)
Seat 5: Remx15 (60025)
Seat 6: RaulGB07 (192191)
*** ANTE/BLINDS ***
pocareman posts ante 250
Remx15 posts ante 250
Manuxium posts ante 250
manggy94 posts ante 250
RaulGB07 posts ante 250
pocareman posts small blind 1000
Remx15 posts big blind 2000
Dealt to manggy94 [Tc Kd]
*** PRE-FLOP *** 
RaulGB07 raises 2000 to 4000
Manuxium calls 4000
manggy94 calls 4000
pocareman folds
Remx15 calls 2000
*** FLOP *** [8h Ts 3s]
Remx15 checks
RaulGB07 bets 12167
Manuxium folds
manggy94 raises 24494 to 36661 and is all-in
Remx15 folds
RaulGB07 calls 24494
*** TURN *** [8h Ts 3s][6c]
*** RIVER *** [8h Ts 3s 6c][7s]
*** SHOW DOWN ***
RaulGB07 shows [4c Th] (One pair : Tens)
manggy94 shows [Tc Kd] (One pair : Tens)
manggy94 collected 91572 from pot
*** SUMMARY ***
Total pot 91572 | No rake
Board: [8h Ts 3s 6c 7s]
Seat 3: manggy94 (button) showed [Tc Kd] and won 91572 with One pair : Tens
Seat 6: RaulGB07 showed [4c Th] and lost with One pair : Tens


Winamax Poker - Tournament "Kill The Fish" buyIn: 4.50€ + 0.50€ level: 13 - HandId: #1117673000066351121-123-1546447910 - Holdem no limit (250/1000/2000) - 2019/01/02 16:51:50 UTC
Table: 'Kill The Fish(260228524)#016' 6-max (real money) Seat #4 is the button
Seat 2: Manuxium (45270)
Seat 3: manggy94 (91572)
Seat 4: pocareman (27790)
Seat 5: Remx15 (55775)
Seat 6: RaulGB07 (151280)
*** ANTE/BLINDS ***
Remx15 posts ante 250
RaulGB07 posts ante 250
Manuxium posts ante 250
manggy94 posts ante 250
pocareman posts ante 250
Remx15 posts small blind 1000
RaulGB07 posts big blind 2000
Dealt to manggy94 [6s Js]
*** PRE-FLOP *** 
Manuxium raises 2000 to 4000
manggy94 folds
pocareman folds
Remx15 calls 3000
RaulGB07 calls 2000
*** FLOP *** [9s 7s 8d]
Remx15 checks
RaulGB07 checks
Manuxium checks
*** TURN *** [9s 7s 8d][2h]
Remx15 checks
RaulGB07 checks
Manuxium bets 6625
Remx15 folds
RaulGB07 calls 6625
*** RIVER *** [9s 7s 8d 2h][6d]
RaulGB07 checks
Manuxium checks
*** SHOW DOWN ***
Manuxium shows [Ah Jc] (High card : Ace)
RaulGB07 shows [3h 7h] (One pair : 7)
RaulGB07 collected 26500 from pot
*** SUMMARY ***
Total pot 26500 | No rake
Board: [9s 7s 8d 2h 6d]
Seat 2: Manuxium showed [Ah Jc] and lost with High card : Ace
Seat 6: RaulGB07 (big blind) showed [3h 7h] and won 26500 with One pair : 7


Winamax Poker - Tournament "Kill The Fish" buyIn: 4.50€ + 0.50€ level: 13 - HandId: #1117673000066351121-124-1546447980 - Holdem no limit (250/1000/2000) - 2019/01/02 16:53:00 UTC
Table: 'Kill The Fish(260228524)#016' 6-max (real money) Seat #5 is the button
Seat 2: Manuxium (34395)
Seat 3: manggy94 (91322)
Seat 4: pocareman (27540)
Seat 5: Remx15 (51525)
Seat 6: RaulGB07 (166905)
*** ANTE/BLINDS ***
RaulGB07 posts ante 250
Manuxium posts ante 250
manggy94 posts ante 250
pocareman posts ante 250
Remx15 posts ante 250
RaulGB07 posts small blind 1000
Manuxium posts big blind 2000
Dealt to manggy94 [7s As]
*** PRE-FLOP *** 
manggy94 raises 2000 to 4000
pocareman raises 23290 to 27290 and is all-in
Remx15 folds
RaulGB07 folds
Manuxium calls 25290
manggy94 calls 23290
*** FLOP *** [6d 9h 4d]
Manuxium bets 6855 and is all-in
manggy94 calls 6855
*** TURN *** [6d 9h 4d][Kh]
*** RIVER *** [6d 9h 4d Kh][3d]
*** SHOW DOWN ***
manggy94 shows [7s As] (High card : Ace)
pocareman shows [Tc Ac] (High card : Ace)
Manuxium shows [Td 8d] (Flush Ten high)
Manuxium collected 97830 from pot
*** SUMMARY ***
Total pot 97830 | No rake
Board: [6d 9h 4d Kh 3d]
Seat 2: Manuxium (big blind) showed [Td 8d] and won 97830 with Flush Ten high
Seat 3: manggy94 showed [7s As] and lost with High card : Ace
Seat 4: pocareman showed [Tc Ac] and lost with High card : Ace


Winamax Poker - Tournament "Kill The Fish" buyIn: 4.50€ + 0.50€ level: 13 - HandId: #1117673000066351121-125-1546448025 - Holdem no limit (250/1000/2000) - 2019/01/02 16:53:45 UTC
Table: 'Kill The Fish(260228524)#016' 6-max (real money) Seat #6 is the button
Seat 1: 18 Mne Uzhe (53883)
Seat 2: Manuxium (97830)
Seat 3: manggy94 (56927)
Seat 5: Remx15 (51275)
Seat 6: RaulGB07 (165655)
*** ANTE/BLINDS ***
Manuxium posts ante 250
manggy94 posts ante 250
Remx15 posts ante 250
RaulGB07 posts ante 250
Manuxium posts small blind 1000
manggy94 posts big blind 2000
Dealt to manggy94 [4s 3s]
*** PRE-FLOP *** 
Remx15 folds
RaulGB07 raises 2000 to 4000
Manuxium folds
manggy94 calls 2000
*** FLOP *** [Kd Qc 6s]
manggy94 checks
RaulGB07 bets 6667
manggy94 folds
RaulGB07 collected 16667 from pot
*** SUMMARY ***
Total pot 16667 | No rake
Board: [Kd Qc 6s]
Seat 6: RaulGB07 (button) won 16667


Winamax Poker - Tournament "Kill The Fish" buyIn: 4.50€ + 0.50€ level: 14 - HandId: #1117673000066351121-126-1546448054 - Holdem no limit (300/1250/2500) - 2019/01/02 16:54:14 UTC
Table: 'Kill The Fish(260228524)#016' 6-max (real money) Seat #2 is the button
Seat 1: 18 Mne Uzhe (53883)
Seat 2: Manuxium (96580)
Seat 3: manggy94 (52677)
Seat 5: Remx15 (51025)
Seat 6: RaulGB07 (171405)
*** ANTE/BLINDS ***
manggy94 posts ante 300
Remx15 posts ante 300
18 Mne Uzhe posts ante 300
Manuxium posts ante 300
RaulGB07 posts ante 300
manggy94 posts small blind 1250
Remx15 posts big blind 2500
Dealt to manggy94 [3h 9d]
*** PRE-FLOP *** 
RaulGB07 folds
18 Mne Uzhe folds
Manuxium folds
manggy94 folds
Remx15 collected 5250 from pot
*** SUMMARY ***
Total pot 5250 | No rake
Seat 5: Remx15 (big blind) won 5250


Winamax Poker - Tournament "Kill The Fish" buyIn: 4.50€ + 0.50€ level: 14 - HandId: #1117673000066351121-127-1546448078 - Holdem no limit (300/1250/2500) - 2019/01/02 16:54:38 UTC
Table: 'Kill The Fish(260228524)#016' 6-max (real money) Seat #3 is the button
Seat 1: 18 Mne Uzhe (53583)
Seat 2: Manuxium (96280)
Seat 3: manggy94 (51127)
Seat 5: Remx15 (53475)
Seat 6: RaulGB07 (171105)
*** ANTE/BLINDS ***
Remx15 posts ante 300
RaulGB07 posts ante 300
18 Mne Uzhe posts ante 300
Manuxium posts ante 300
manggy94 posts ante 300
Remx15 posts small blind 1250
RaulGB07 posts big blind 2500
Dealt to manggy94 [9h 3s]
*** PRE-FLOP *** 
18 Mne Uzhe folds
Manuxium calls 2500
manggy94 folds
Remx15 calls 1250
RaulGB07 checks
*** FLOP *** [8h Tc Jd]
Remx15 checks
RaulGB07 checks
Manuxium checks
*** TURN *** [8h Tc Jd][4s]
Remx15 checks
RaulGB07 bets 2500
Manuxium folds
Remx15 calls 2500
*** RIVER *** [8h Tc Jd 4s][7c]
Remx15 bets 6860
RaulGB07 calls 6860
*** SHOW DOWN ***
RaulGB07 shows [8d 6c] (One pair : 8)
Remx15 shows [9c Td] (Straight Jack high)
Remx15 collected 27720 from pot
*** SUMMARY ***
Total pot 27720 | No rake
Board: [8h Tc Jd 4s 7c]
Seat 5: Remx15 (small blind) showed [9c Td] and won 27720 with Straight Jack high
Seat 6: RaulGB07 (big blind) showed [8d 6c] and lost with One pair : 8


Winamax Poker - Tournament "Kill The Fish" buyIn: 4.50€ + 0.50€ level: 14 - HandId: #1117673000066351121-128-1546448462 - Holdem no limit (300/1250/2500) - 2019/01/02 17:01:02 UTC
Table: 'Kill The Fish(260228524)#016' 6-max (real money) Seat #5 is the button
Seat 1: 18 Mne Uzhe (53283)
Seat 2: Manuxium (93480)
Seat 3: manggy94 (50827)
Seat 4: MCD31 (76540)
Seat 5: Remx15 (69035)
Seat 6: RaulGB07 (158945)
*** ANTE/BLINDS ***
RaulGB07 posts ante 300
18 Mne Uzhe posts ante 300
Manuxium posts ante 300
manggy94 posts ante 300
MCD31 posts ante 300
Remx15 posts ante 300
RaulGB07 posts small blind 1250
18 Mne Uzhe posts big blind 2500
Dealt to manggy94 [4h 5d]
*** PRE-FLOP *** 
Manuxium calls 2500
manggy94 folds
MCD31 folds
Remx15 folds
RaulGB07 calls 1250
18 Mne Uzhe checks
*** FLOP *** [3h 2d 4s]
RaulGB07 checks
18 Mne Uzhe checks
Manuxium bets 4650
RaulGB07 calls 4650
18 Mne Uzhe calls 4650
*** TURN *** [3h 2d 4s][Ah]
RaulGB07 checks
18 Mne Uzhe checks
Manuxium checks
*** RIVER *** [3h 2d 4s Ah][9s]
RaulGB07 checks
18 Mne Uzhe bets 10928
Manuxium folds
RaulGB07 folds
18 Mne Uzhe collected 34178 from pot
*** SUMMARY ***
Total pot 34178 | No rake
Board: [3h 2d 4s Ah 9s]
Seat 1: 18 Mne Uzhe (big blind) won 34178


Winamax Poker - Tournament "Kill The Fish" buyIn: 4.50€ + 0.50€ level: 14 - HandId: #1117673000066351121-129-1546448530 - Holdem no limit (300/1250/2500) - 2019/01/02 17:02:10 UTC
Table: 'Kill The Fish(260228524)#016' 6-max (real money) Seat #6 is the button
Seat 1: 18 Mne Uzhe (69083)
Seat 2: Manuxium (86030)
Seat 3: manggy94 (50527)
Seat 4: MCD31 (76240)
Seat 5: Remx15 (68735)
Seat 6: RaulGB07 (151495)
*** ANTE/BLINDS ***
18 Mne Uzhe posts ante 300
Manuxium posts ante 300
manggy94 posts ante 300
MCD31 posts ante 300
Remx15 posts ante 300
RaulGB07 posts ante 300
18 Mne Uzhe posts small blind 1250
Manuxium posts big blind 2500
Dealt to manggy94 [7s Tc]
*** PRE-FLOP *** 
manggy94 folds
MCD31 folds
Remx15 folds
RaulGB07 raises 2500 to 5000
18 Mne Uzhe folds
Manuxium calls 2500
*** FLOP *** [Kd Qc 3s]
Manuxium checks
RaulGB07 checks
*** TURN *** [Kd Qc 3s][2s]
Manuxium checks
RaulGB07 bets 6525
Manuxium folds
RaulGB07 collected 19575 from pot
*** SUMMARY ***
Total pot 19575 | No rake
Board: [Kd Qc 3s 2s]
Seat 6: RaulGB07 (button) won 19575


Winamax Poker - Tournament "Kill The Fish" buyIn: 4.50€ + 0.50€ level: 14 - HandId: #1117673000066351121-130-1546448585 - Holdem no limit (300/1250/2500) - 2019/01/02 17:03:05 UTC
Table: 'Kill The Fish(260228524)#016' 6-max (real money) Seat #1 is the button
Seat 1: 18 Mne Uzhe (67533)
Seat 2: Manuxium (80730)
Seat 3: manggy94 (50227)
Seat 4: MCD31 (75940)
Seat 5: Remx15 (68435)
Seat 6: RaulGB07 (159245)
*** ANTE/BLINDS ***
Manuxium posts ante 300
manggy94 posts ante 300
18 Mne Uzhe posts ante 300
MCD31 posts ante 300
Remx15 posts ante 300
RaulGB07 posts ante 300
Manuxium posts small blind 1250
manggy94 posts big blind 2500
Dealt to manggy94 [5s Kh]
*** PRE-FLOP *** 
MCD31 folds
Remx15 folds
RaulGB07 folds
18 Mne Uzhe raises 2600 to 5100
Manuxium calls 3850
manggy94 folds
*** FLOP *** [4d 2s Qc]
Manuxium bets 7250
18 Mne Uzhe folds
Manuxium collected 21750 from pot
*** SUMMARY ***
Total pot 21750 | No rake
Board: [4d 2s Qc]
Seat 2: Manuxium (small blind) won 21750


Winamax Poker - Tournament "Kill The Fish" buyIn: 4.50€ + 0.50€ level: 14 - HandId: #1117673000066351121-131-1546448643 - Holdem no limit (300/1250/2500) - 2019/01/02 17:04:03 UTC
Table: 'Kill The Fish(260228524)#016' 6-max (real money) Seat #2 is the button
Seat 1: 18 Mne Uzhe (62133)
Seat 2: Manuxium (89830)
Seat 3: manggy94 (47427)
Seat 4: MCD31 (75640)
Seat 5: Remx15 (68135)
Seat 6: RaulGB07 (158945)
*** ANTE/BLINDS ***
manggy94 posts ante 300
MCD31 posts ante 300
18 Mne Uzhe posts ante 300
Manuxium posts ante 300
Remx15 posts ante 300
RaulGB07 posts ante 300
manggy94 posts small blind 1250
MCD31 posts big blind 2500
Dealt to manggy94 [5h 8c]
*** PRE-FLOP *** 
Remx15 folds
RaulGB07 raises 2500 to 5000
18 Mne Uzhe folds
Manuxium calls 5000
manggy94 folds
MCD31 folds
*** FLOP *** [3h 2s Kh]
RaulGB07 checks
Manuxium checks
*** TURN *** [3h 2s Kh][Th]
RaulGB07 bets 7775
Manuxium calls 7775
*** RIVER *** [3h 2s Kh Th][Ac]
RaulGB07 checks
Manuxium checks
*** SHOW DOWN ***
RaulGB07 shows [Jc 9h] (High card : Ace)
Manuxium shows [Ah 5s] (One pair : Aces)
Manuxium collected 31100 from pot
*** SUMMARY ***
Total pot 31100 | No rake
Board: [3h 2s Kh Th Ac]
Seat 2: Manuxium (button) showed [Ah 5s] and won 31100 with One pair : Aces
Seat 6: RaulGB07 showed [Jc 9h] and lost with High card : Ace


Winamax Poker - Tournament "Kill The Fish" buyIn: 4.50€ + 0.50€ level: 14 - HandId: #1117673000066351121-132-1546448689 - Holdem no limit (300/1250/2500) - 2019/01/02 17:04:49 UTC
Table: 'Kill The Fish(260228524)#016' 6-max (real money) Seat #3 is the button
Seat 1: 18 Mne Uzhe (61833)
Seat 2: Manuxium (107855)
Seat 3: manggy94 (45877)
Seat 4: MCD31 (72840)
Seat 5: Remx15 (67835)
Seat 6: RaulGB07 (145870)
*** ANTE/BLINDS ***
MCD31 posts ante 300
Remx15 posts ante 300
18 Mne Uzhe posts ante 300
Manuxium posts ante 300
manggy94 posts ante 300
RaulGB07 posts ante 300
MCD31 posts small blind 1250
Remx15 posts big blind 2500
Dealt to manggy94 [2s 5s]
*** PRE-FLOP *** 
RaulGB07 folds
18 Mne Uzhe folds
Manuxium folds
manggy94 folds
MCD31 calls 1250
Remx15 checks
*** FLOP *** [Tc 3h 3s]
MCD31 bets 2500
Remx15 calls 2500
*** TURN *** [Tc 3h 3s][Qc]
MCD31 checks
Remx15 checks
*** RIVER *** [Tc 3h 3s Qc][Jd]
MCD31 checks
Remx15 checks
*** SHOW DOWN ***
MCD31 shows [7h 7s] (Two pairs : 7 and 3)
Remx15 shows [Th 5c] (Two pairs : Tens and 3)
Remx15 collected 11800 from pot
*** SUMMARY ***
Total pot 11800 | No rake
Board: [Tc 3h 3s Qc Jd]
Seat 4: MCD31 (small blind) showed [7h 7s] and lost with Two pairs : 7 and 3
Seat 5: Remx15 (big blind) showed [Th 5c] and won 11800 with Two pairs : Tens and 3


Winamax Poker - Tournament "Kill The Fish" buyIn: 4.50€ + 0.50€ level: 14 - HandId: #1117673000066351121-133-1546448746 - Holdem no limit (300/1250/2500) - 2019/01/02 17:05:46 UTC
Table: 'Kill The Fish(260228524)#016' 6-max (real money) Seat #4 is the button
Seat 1: 18 Mne Uzhe (61533)
Seat 2: Manuxium (107555)
Seat 3: manggy94 (45577)
Seat 4: MCD31 (67540)
Seat 5: Remx15 (74335)
Seat 6: RaulGB07 (145570)
*** ANTE/BLINDS ***
Remx15 posts ante 300
RaulGB07 posts ante 300
18 Mne Uzhe posts ante 300
Manuxium posts ante 300
manggy94 posts ante 300
MCD31 posts ante 300
Remx15 posts small blind 1250
RaulGB07 posts big blind 2500
Dealt to manggy94 [3c As]
*** PRE-FLOP *** 
18 Mne Uzhe folds
Manuxium folds
manggy94 raises 5000 to 7500
MCD31 folds
Remx15 folds
RaulGB07 folds
manggy94 collected 13050 from pot
*** SUMMARY ***
Total pot 13050 | No rake
Seat 3: manggy94 won 13050


Winamax Poker - Tournament "Kill The Fish" buyIn: 4.50€ + 0.50€ level: 15 - HandId: #1117673000066351121-134-1546448773 - Holdem no limit (400/1500/3000) - 2019/01/02 17:06:13 UTC
Table: 'Kill The Fish(260228524)#016' 6-max (real money) Seat #5 is the button
Seat 1: 18 Mne Uzhe (61233)
Seat 2: Manuxium (107255)
Seat 3: manggy94 (50827)
Seat 4: MCD31 (67240)
Seat 5: Remx15 (72785)
Seat 6: RaulGB07 (142770)
*** ANTE/BLINDS ***
RaulGB07 posts ante 400
18 Mne Uzhe posts ante 400
Manuxium posts ante 400
manggy94 posts ante 400
MCD31 posts ante 400
Remx15 posts ante 400
RaulGB07 posts small blind 1500
18 Mne Uzhe posts big blind 3000
Dealt to manggy94 [7s Qc]
*** PRE-FLOP *** 
Manuxium calls 3000
manggy94 folds
MCD31 calls 3000
Remx15 folds
RaulGB07 calls 1500
18 Mne Uzhe checks
*** FLOP *** [Js Qs 9d]
RaulGB07 checks
18 Mne Uzhe checks
Manuxium bets 3000
MCD31 calls 3000
RaulGB07 calls 3000
18 Mne Uzhe folds
*** TURN *** [Js Qs 9d][8h]
RaulGB07 checks
Manuxium checks
MCD31 checks
*** RIVER *** [Js Qs 9d 8h][6c]
RaulGB07 checks
Manuxium checks
MCD31 checks
*** SHOW DOWN ***
Manuxium shows [6s 9s] (Two pairs : 9 and 6)
RaulGB07 shows [2s 3s] (High card : Queen)
MCD31 shows [Qh Jh] (Two pairs : Queens and Jacks)
MCD31 collected 23400 from pot
*** SUMMARY ***
Total pot 23400 | No rake
Board: [Js Qs 9d 8h 6c]
Seat 2: Manuxium showed [6s 9s] and lost with Two pairs : 9 and 6
Seat 4: MCD31 showed [Qh Jh] and won 23400 with Two pairs : Queens and Jacks
Seat 6: RaulGB07 (small blind) showed [2s 3s] and lost with High card : Queen


Winamax Poker - Tournament "Kill The Fish" buyIn: 4.50€ + 0.50€ level: 15 - HandId: #1117673000066351121-135-1546448867 - Holdem no limit (400/1500/3000) - 2019/01/02 17:07:47 UTC
Table: 'Kill The Fish(260228524)#016' 6-max (real money) Seat #6 is the button
Seat 1: 18 Mne Uzhe (57833)
Seat 2: Manuxium (100855)
Seat 3: manggy94 (50427)
Seat 4: MCD31 (84240)
Seat 5: Remx15 (72385)
Seat 6: RaulGB07 (136370)
*** ANTE/BLINDS ***
18 Mne Uzhe posts ante 400
Manuxium posts ante 400
manggy94 posts ante 400
MCD31 posts ante 400
Remx15 posts ante 400
RaulGB07 posts ante 400
18 Mne Uzhe posts small blind 1500
Manuxium posts big blind 3000
Dealt to manggy94 [5h 4d]
*** PRE-FLOP *** 
manggy94 folds
MCD31 calls 3000
Remx15 folds
RaulGB07 folds
18 Mne Uzhe calls 1500
Manuxium checks
*** FLOP *** [As 9s Js]
18 Mne Uzhe checks
Manuxium checks
MCD31 checks
*** TURN *** [As 9s Js][Jd]
18 Mne Uzhe checks
Manuxium checks
MCD31 checks
*** RIVER *** [As 9s Js Jd][5s]
18 Mne Uzhe checks
Manuxium bets 3000
MCD31 raises 8700 to 11700
18 Mne Uzhe folds
Manuxium folds
MCD31 collected 26100 from pot
*** SUMMARY ***
Total pot 26100 | No rake
Board: [As 9s Js Jd 5s]
Seat 4: MCD31 won 26100


Winamax Poker - Tournament "Kill The Fish" buyIn: 4.50€ + 0.50€ level: 15 - HandId: #1117673000066351121-136-1546448940 - Holdem no limit (400/1500/3000) - 2019/01/02 17:09:00 UTC
Table: 'Kill The Fish(260228524)#016' 6-max (real money) Seat #1 is the button
Seat 1: 18 Mne Uzhe (54433)
Seat 2: Manuxium (94455)
Seat 3: manggy94 (50027)
Seat 4: MCD31 (95240)
Seat 5: Remx15 (71985)
Seat 6: RaulGB07 (135970)
*** ANTE/BLINDS ***
Manuxium posts ante 400
manggy94 posts ante 400
18 Mne Uzhe posts ante 400
MCD31 posts ante 400
Remx15 posts ante 400
RaulGB07 posts ante 400
Manuxium posts small blind 1500
manggy94 posts big blind 3000
Dealt to manggy94 [7c Qh]
*** PRE-FLOP *** 
MCD31 folds
Remx15 folds
RaulGB07 raises 3000 to 6000
18 Mne Uzhe folds
Manuxium calls 4500
manggy94 folds
*** FLOP *** [Th 8c 4c]
Manuxium bets 8700
RaulGB07 calls 8700
*** TURN *** [Th 8c 4c][7h]
Manuxium bets 17400
RaulGB07 folds
Manuxium collected 52200 from pot
*** SUMMARY ***
Total pot 52200 | No rake
Board: [Th 8c 4c 7h]
Seat 2: Manuxium (small blind) won 52200


Winamax Poker - Tournament "Kill The Fish" buyIn: 4.50€ + 0.50€ level: 15 - HandId: #1117673000066351121-137-1546448982 - Holdem no limit (400/1500/3000) - 2019/01/02 17:09:42 UTC
Table: 'Kill The Fish(260228524)#016' 6-max (real money) Seat #2 is the button
Seat 1: 18 Mne Uzhe (54033)
Seat 2: Manuxium (114155)
Seat 3: manggy94 (46627)
Seat 4: MCD31 (94840)
Seat 5: Remx15 (71585)
Seat 6: RaulGB07 (120870)
*** ANTE/BLINDS ***
manggy94 posts ante 400
MCD31 posts ante 400
18 Mne Uzhe posts ante 400
Manuxium posts ante 400
Remx15 posts ante 400
RaulGB07 posts ante 400
manggy94 posts small blind 1500
MCD31 posts big blind 3000
Dealt to manggy94 [3s Ah]
*** PRE-FLOP *** 
Remx15 folds
RaulGB07 folds
18 Mne Uzhe raises 3120 to 6120
Manuxium folds
manggy94 calls 4620
MCD31 folds
*** FLOP *** [7d 2h Js]
manggy94 bets 8820
18 Mne Uzhe calls 8820
*** TURN *** [7d 2h Js][4h]
manggy94 checks
18 Mne Uzhe bets 38693 and is all-in
manggy94 folds
18 Mne Uzhe collected 73973 from pot
*** SUMMARY ***
Total pot 73973 | No rake
Board: [7d 2h Js 4h]
Seat 1: 18 Mne Uzhe won 73973


Winamax Poker - Tournament "Kill The Fish" buyIn: 4.50€ + 0.50€ level: 15 - HandId: #1117673000066351121-138-1546449037 - Holdem no limit (400/1500/3000) - 2019/01/02 17:10:37 UTC
Table: 'Kill The Fish(260228524)#016' 6-max (real money) Seat #3 is the button
Seat 1: 18 Mne Uzhe (73973)
Seat 2: Manuxium (113755)
Seat 3: manggy94 (31287)
Seat 4: MCD31 (91440)
Seat 5: Remx15 (71185)
Seat 6: RaulGB07 (120470)
*** ANTE/BLINDS ***
MCD31 posts ante 400
Remx15 posts ante 400
18 Mne Uzhe posts ante 400
Manuxium posts ante 400
manggy94 posts ante 400
RaulGB07 posts ante 400
MCD31 posts small blind 1500
Remx15 posts big blind 3000
Dealt to manggy94 [Jc Jh]
*** PRE-FLOP *** 
RaulGB07 calls 3000
18 Mne Uzhe folds
Manuxium calls 3000
manggy94 raises 27887 to 30887 and is all-in
MCD31 folds
Remx15 folds
RaulGB07 calls 27887
Manuxium folds
*** FLOP *** [Qd 3c 2s]
*** TURN *** [Qd 3c 2s][7h]
*** RIVER *** [Qd 3c 2s 7h][8d]
*** SHOW DOWN ***
RaulGB07 shows [Ac 4c] (High card : Ace)
manggy94 shows [Jc Jh] (One pair : Jacks)
manggy94 collected 71674 from pot
*** SUMMARY ***
Total pot 71674 | No rake
Board: [Qd 3c 2s 7h 8d]
Seat 3: manggy94 (button) showed [Jc Jh] and won 71674 with One pair : Jacks
Seat 6: RaulGB07 showed [Ac 4c] and lost with High card : Ace


Winamax Poker - Tournament "Kill The Fish" buyIn: 4.50€ + 0.50€ level: 15 - HandId: #1117673000066351121-139-1546449077 - Holdem no limit (400/1500/3000) - 2019/01/02 17:11:17 UTC
Table: 'Kill The Fish(260228524)#016' 6-max (real money) Seat #4 is the button
Seat 1: 18 Mne Uzhe (73573)
Seat 2: Manuxium (110355)
Seat 3: manggy94 (71674)
Seat 4: MCD31 (89540)
Seat 5: Remx15 (67785)
Seat 6: RaulGB07 (89183)
*** ANTE/BLINDS ***
Remx15 posts ante 400
RaulGB07 posts ante 400
18 Mne Uzhe posts ante 400
Manuxium posts ante 400
manggy94 posts ante 400
MCD31 posts ante 400
Remx15 posts small blind 1500
RaulGB07 posts big blind 3000
Dealt to manggy94 [5c Jd]
*** PRE-FLOP *** 
18 Mne Uzhe raises 3120 to 6120
Manuxium calls 6120
manggy94 folds
MCD31 folds
Remx15 folds
RaulGB07 calls 3120
*** FLOP *** [Ah Td 6c]
RaulGB07 checks
18 Mne Uzhe checks
Manuxium checks
*** TURN *** [Ah Td 6c][3s]
RaulGB07 checks
18 Mne Uzhe checks
Manuxium checks
*** RIVER *** [Ah Td 6c 3s][Jh]
RaulGB07 checks
18 Mne Uzhe bets 16472
Manuxium calls 16472
RaulGB07 folds
*** SHOW DOWN ***
Manuxium shows [8s Js] (One pair : Jacks)
18 Mne Uzhe shows [Kd Qh] (Straight Ace high)
18 Mne Uzhe collected 55204 from pot
*** SUMMARY ***
Total pot 55204 | No rake
Board: [Ah Td 6c 3s Jh]
Seat 1: 18 Mne Uzhe showed [Kd Qh] and won 55204 with Straight Ace high
Seat 2: Manuxium showed [8s Js] and lost with One pair : Jacks


Winamax Poker - Tournament "Kill The Fish" buyIn: 4.50€ + 0.50€ level: 16 - HandId: #1117673000066351121-140-1546449136 - Holdem no limit (500/2000/4000) - 2019/01/02 17:12:16 UTC
Table: 'Kill The Fish(260228524)#016' 6-max (real money) Seat #5 is the button
Seat 1: 18 Mne Uzhe (105785)
Seat 2: Manuxium (87363)
Seat 3: manggy94 (71274)
Seat 4: MCD31 (89140)
Seat 5: Remx15 (65885)
Seat 6: RaulGB07 (82663)
*** ANTE/BLINDS ***
RaulGB07 posts ante 500
18 Mne Uzhe posts ante 500
Manuxium posts ante 500
manggy94 posts ante 500
MCD31 posts ante 500
Remx15 posts ante 500
RaulGB07 posts small blind 2000
18 Mne Uzhe posts big blind 4000
Dealt to manggy94 [8c 5d]
*** PRE-FLOP *** 
Manuxium calls 4000
manggy94 folds
MCD31 folds
Remx15 folds
RaulGB07 raises 16000 to 20000
18 Mne Uzhe folds
Manuxium calls 16000
*** FLOP *** [As 4c 7c]
RaulGB07 checks
Manuxium checks
*** TURN *** [As 4c 7c][Kh]
RaulGB07 checks
Manuxium checks
*** RIVER *** [As 4c 7c Kh][Ad]
RaulGB07 checks
Manuxium bets 23500
RaulGB07 calls 23500
*** SHOW DOWN ***
Manuxium shows [Jd 9c] (One pair : Aces)
RaulGB07 shows [Ks Qs] (Two pairs : Aces and Kings)
RaulGB07 collected 94000 from pot
*** SUMMARY ***
Total pot 94000 | No rake
Board: [As 4c 7c Kh Ad]
Seat 2: Manuxium showed [Jd 9c] and lost with One pair : Aces
Seat 6: RaulGB07 (small blind) showed [Ks Qs] and won 94000 with Two pairs : Aces and Kings


Winamax Poker - Tournament "Kill The Fish" buyIn: 4.50€ + 0.50€ level: 16 - HandId: #1117673000066351121-141-1546449186 - Holdem no limit (500/2000/4000) - 2019/01/02 17:13:06 UTC
Table: 'Kill The Fish(260228524)#016' 6-max (real money) Seat #6 is the button
Seat 1: 18 Mne Uzhe (101285)
Seat 2: Manuxium (43363)
Seat 3: manggy94 (70774)
Seat 4: MCD31 (88640)
Seat 5: Remx15 (65385)
Seat 6: RaulGB07 (132663)
*** ANTE/BLINDS ***
18 Mne Uzhe posts ante 500
Manuxium posts ante 500
manggy94 posts ante 500
MCD31 posts ante 500
Remx15 posts ante 500
RaulGB07 posts ante 500
18 Mne Uzhe posts small blind 2000
Manuxium posts big blind 4000
Dealt to manggy94 [8h Td]
*** PRE-FLOP *** 
manggy94 folds
MCD31 folds
Remx15 folds
RaulGB07 folds
18 Mne Uzhe raises 96785 to 100785 and is all-in
Manuxium folds
18 Mne Uzhe collected 107785 from pot
*** SUMMARY ***
Total pot 107785 | No rake
Seat 1: 18 Mne Uzhe (small blind) won 107785


Winamax Poker - Tournament "Kill The Fish" buyIn: 4.50€ + 0.50€ level: 16 - HandId: #1117673000066351121-142-1546449206 - Holdem no limit (500/2000/4000) - 2019/01/02 17:13:26 UTC
Table: 'Kill The Fish(260228524)#016' 6-max (real money) Seat #1 is the button
Seat 1: 18 Mne Uzhe (107785)
Seat 2: Manuxium (38863)
Seat 3: manggy94 (70274)
Seat 4: MCD31 (88140)
Seat 5: Remx15 (64885)
Seat 6: RaulGB07 (132163)
*** ANTE/BLINDS ***
Manuxium posts ante 500
manggy94 posts ante 500
18 Mne Uzhe posts ante 500
MCD31 posts ante 500
Remx15 posts ante 500
RaulGB07 posts ante 500
Manuxium posts small blind 2000
manggy94 posts big blind 4000
Dealt to manggy94 [4h Kd]
*** PRE-FLOP *** 
MCD31 folds
Remx15 folds
RaulGB07 raises 4000 to 8000
18 Mne Uzhe folds
Manuxium raises 30363 to 38363 and is all-in
manggy94 folds
RaulGB07 calls 30363
*** FLOP *** [Qs 4c 6d]
*** TURN *** [Qs 4c 6d][Ks]
*** RIVER *** [Qs 4c 6d Ks][Js]
*** SHOW DOWN ***
RaulGB07 shows [Ac 5d] (High card : Ace)
Manuxium shows [Td Ah] (Straight Ace high)
Manuxium collected 83726 from pot
*** SUMMARY ***
Total pot 83726 | No rake
Board: [Qs 4c 6d Ks Js]
Seat 2: Manuxium (small blind) showed [Td Ah] and won 83726 with Straight Ace high
Seat 6: RaulGB07 showed [Ac 5d] and lost with High card : Ace


Winamax Poker - Tournament "Kill The Fish" buyIn: 4.50€ + 0.50€ level: 16 - HandId: #1117673000066351121-143-1546449262 - Holdem no limit (500/2000/4000) - 2019/01/02 17:14:22 UTC
Table: 'Kill The Fish(260228524)#016' 6-max (real money) Seat #2 is the button
Seat 1: 18 Mne Uzhe (107285)
Seat 2: Manuxium (83726)
Seat 3: manggy94 (65774)
Seat 4: MCD31 (87640)
Seat 5: Remx15 (64385)
Seat 6: RaulGB07 (93300)
*** ANTE/BLINDS ***
manggy94 posts ante 500
MCD31 posts ante 500
18 Mne Uzhe posts ante 500
Manuxium posts ante 500
Remx15 posts ante 500
RaulGB07 posts ante 500
manggy94 posts small blind 2000
MCD31 posts big blind 4000
Dealt to manggy94 [Kc 4h]
*** PRE-FLOP *** 
Remx15 folds
RaulGB07 calls 4000
18 Mne Uzhe folds
Manuxium folds
manggy94 calls 2000
MCD31 checks
*** FLOP *** [2c Qc 9s]
manggy94 checks
MCD31 checks
RaulGB07 bets 11250
manggy94 folds
MCD31 folds
RaulGB07 collected 26250 from pot
*** SUMMARY ***
Total pot 26250 | No rake
Board: [2c Qc 9s]
Seat 6: RaulGB07 won 26250


Winamax Poker - Tournament "Kill The Fish" buyIn: 4.50€ + 0.50€ level: 16 - HandId: #1117673000066351121-144-1546449309 - Holdem no limit (500/2000/4000) - 2019/01/02 17:15:09 UTC
Table: 'Kill The Fish(260228524)#016' 6-max (real money) Seat #3 is the button
Seat 1: 18 Mne Uzhe (106785)
Seat 2: Manuxium (83226)
Seat 3: manggy94 (61274)
Seat 4: MCD31 (83140)
Seat 5: Remx15 (63885)
Seat 6: RaulGB07 (103800)
*** ANTE/BLINDS ***
MCD31 posts ante 500
Remx15 posts ante 500
18 Mne Uzhe posts ante 500
Manuxium posts ante 500
manggy94 posts ante 500
RaulGB07 posts ante 500
MCD31 posts small blind 2000
Remx15 posts big blind 4000
Dealt to manggy94 [Jd 2h]
*** PRE-FLOP *** 
RaulGB07 folds
18 Mne Uzhe folds
Manuxium folds
manggy94 folds
MCD31 calls 2000
Remx15 checks
*** FLOP *** [4d 3c Ad]
MCD31 bets 5500
Remx15 calls 5500
*** TURN *** [4d 3c Ad][Tc]
MCD31 bets 6885
Remx15 folds
MCD31 collected 28885 from pot
*** SUMMARY ***
Total pot 28885 | No rake
Board: [4d 3c Ad Tc]
Seat 4: MCD31 (small blind) won 28885


Winamax Poker - Tournament "Kill The Fish" buyIn: 4.50€ + 0.50€ level: 16 - HandId: #1117673000066351121-145-1546449378 - Holdem no limit (500/2000/4000) - 2019/01/02 17:16:18 UTC
Table: 'Kill The Fish(260228524)#016' 6-max (real money) Seat #4 is the button
Seat 1: 18 Mne Uzhe (106285)
Seat 2: Manuxium (82726)
Seat 3: manggy94 (60774)
Seat 4: MCD31 (95140)
Seat 5: Remx15 (53885)
Seat 6: RaulGB07 (103300)
*** ANTE/BLINDS ***
Remx15 posts ante 500
RaulGB07 posts ante 500
18 Mne Uzhe posts ante 500
Manuxium posts ante 500
manggy94 posts ante 500
MCD31 posts ante 500
Remx15 posts small blind 2000
RaulGB07 posts big blind 4000
Dealt to manggy94 [7d Ah]
*** PRE-FLOP *** 
18 Mne Uzhe folds
Manuxium folds
manggy94 calls 4000
MCD31 folds
Remx15 folds
RaulGB07 raises 16000 to 20000
manggy94 folds
RaulGB07 collected 29000 from pot
*** SUMMARY ***
Total pot 29000 | No rake
Seat 6: RaulGB07 (big blind) won 29000


Winamax Poker - Tournament "Kill The Fish" buyIn: 4.50€ + 0.50€ level: 16 - HandId: #1117673000066351121-146-1546449411 - Holdem no limit (500/2000/4000) - 2019/01/02 17:16:51 UTC
Table: 'Kill The Fish(260228524)#016' 6-max (real money) Seat #5 is the button
Seat 1: 18 Mne Uzhe (105785)
Seat 2: Manuxium (82226)
Seat 3: manggy94 (56274)
Seat 4: MCD31 (94640)
Seat 5: Remx15 (51385)
Seat 6: RaulGB07 (111800)
*** ANTE/BLINDS ***
RaulGB07 posts ante 500
18 Mne Uzhe posts ante 500
Manuxium posts ante 500
manggy94 posts ante 500
MCD31 posts ante 500
Remx15 posts ante 500
RaulGB07 posts small blind 2000
18 Mne Uzhe posts big blind 4000
Dealt to manggy94 [7d 8h]
*** PRE-FLOP *** 
Manuxium folds
manggy94 folds
MCD31 calls 4000
Remx15 raises 46885 to 50885 and is all-in
RaulGB07 folds
18 Mne Uzhe folds
MCD31 folds
Remx15 collected 63885 from pot
*** SUMMARY ***
Total pot 63885 | No rake
Seat 5: Remx15 (button) won 63885


Winamax Poker - Tournament "Kill The Fish" buyIn: 4.50€ + 0.50€ level: 16 - HandId: #1117673000066351121-147-1546449455 - Holdem no limit (500/2000/4000) - 2019/01/02 17:17:35 UTC
Table: 'Kill The Fish(260228524)#016' 6-max (real money) Seat #6 is the button
Seat 1: 18 Mne Uzhe (101285)
Seat 2: Manuxium (81726)
Seat 3: manggy94 (55774)
Seat 4: MCD31 (90140)
Seat 5: Remx15 (63885)
Seat 6: RaulGB07 (109300)
*** ANTE/BLINDS ***
18 Mne Uzhe posts ante 500
Manuxium posts ante 500
manggy94 posts ante 500
MCD31 posts ante 500
Remx15 posts ante 500
RaulGB07 posts ante 500
18 Mne Uzhe posts small blind 2000
Manuxium posts big blind 4000
Dealt to manggy94 [9d 8d]
*** PRE-FLOP *** 
manggy94 raises 16000 to 20000
MCD31 folds
Remx15 folds
RaulGB07 folds
18 Mne Uzhe folds
Manuxium folds
manggy94 collected 29000 from pot
*** SUMMARY ***
Total pot 29000 | No rake
Seat 3: manggy94 won 29000


Winamax Poker - Tournament "Kill The Fish" buyIn: 4.50€ + 0.50€ level: 16 - HandId: #1117673000066351121-148-1546449478 - Holdem no limit (500/2000/4000) - 2019/01/02 17:17:58 UTC
Table: 'Kill The Fish(260228524)#016' 6-max (real money) Seat #1 is the button
Seat 1: 18 Mne Uzhe (98785)
Seat 2: Manuxium (77226)
Seat 3: manggy94 (64274)
Seat 4: MCD31 (89640)
Seat 5: Remx15 (63385)
Seat 6: RaulGB07 (108800)
*** ANTE/BLINDS ***
Manuxium posts ante 500
manggy94 posts ante 500
18 Mne Uzhe posts ante 500
MCD31 posts ante 500
Remx15 posts ante 500
RaulGB07 posts ante 500
Manuxium posts small blind 2000
manggy94 posts big blind 4000
Dealt to manggy94 [4d 8c]
*** PRE-FLOP *** 
MCD31 calls 4000
Remx15 folds
RaulGB07 calls 4000
18 Mne Uzhe raises 94285 to 98285 and is all-in
Manuxium folds
manggy94 folds
MCD31 folds
RaulGB07 folds
18 Mne Uzhe collected 115285 from pot
*** SUMMARY ***
Total pot 115285 | No rake
Seat 1: 18 Mne Uzhe (button) won 115285


Winamax Poker - Tournament "Kill The Fish" buyIn: 4.50€ + 0.50€ level: 17 - HandId: #1117673000066351121-149-1546449515 - Holdem no limit (600/2500/5000) - 2019/01/02 17:18:35 UTC
Table: 'Kill The Fish(260228524)#016' 6-max (real money) Seat #2 is the button
Seat 1: 18 Mne Uzhe (115285)
Seat 2: Manuxium (74726)
Seat 3: manggy94 (59774)
Seat 4: MCD31 (85140)
Seat 5: Remx15 (62885)
Seat 6: RaulGB07 (104300)
*** ANTE/BLINDS ***
manggy94 posts ante 600
MCD31 posts ante 600
18 Mne Uzhe posts ante 600
Manuxium posts ante 600
Remx15 posts ante 600
RaulGB07 posts ante 600
manggy94 posts small blind 2500
MCD31 posts big blind 5000
Dealt to manggy94 [Tc Ah]
*** PRE-FLOP *** 
Remx15 folds
RaulGB07 raises 7617 to 12617
18 Mne Uzhe folds
Manuxium folds
manggy94 raises 46557 to 59174 and is all-in
MCD31 folds
RaulGB07 calls 46557
*** FLOP *** [4h 8d 8s]
*** TURN *** [4h 8d 8s][8c]
*** RIVER *** [4h 8d 8s 8c][Th]
*** SHOW DOWN ***
manggy94 shows [Tc Ah] (Full of 8 and Tens)
RaulGB07 shows [Ts Qd] (Full of 8 and Tens)
RaulGB07 collected 63474 from pot
manggy94 collected 63474 from pot
*** SUMMARY ***
Total pot 126948 | No rake
Board: [4h 8d 8s 8c Th]
Seat 3: manggy94 (small blind) showed [Tc Ah] and won 63474 with Full of 8 and Tens
Seat 6: RaulGB07 showed [Ts Qd] and won 63474 with Full of 8 and Tens


Winamax Poker - Tournament "Kill The Fish" buyIn: 4.50€ + 0.50€ level: 17 - HandId: #1117673000066351121-150-1546449550 - Holdem no limit (600/2500/5000) - 2019/01/02 17:19:10 UTC
Table: 'Kill The Fish(260228524)#016' 6-max (real money) Seat #3 is the button
Seat 1: 18 Mne Uzhe (114685)
Seat 2: Manuxium (74126)
Seat 3: manggy94 (63474)
Seat 4: MCD31 (79540)
Seat 5: Remx15 (62285)
Seat 6: RaulGB07 (108000)
*** ANTE/BLINDS ***
MCD31 posts ante 600
Remx15 posts ante 600
18 Mne Uzhe posts ante 600
Manuxium posts ante 600
manggy94 posts ante 600
RaulGB07 posts ante 600
MCD31 posts small blind 2500
Remx15 posts big blind 5000
Dealt to manggy94 [7s 7c]
*** PRE-FLOP *** 
RaulGB07 folds
18 Mne Uzhe raises 5000 to 10000
Manuxium folds
manggy94 raises 12500 to 22500
MCD31 folds
Remx15 folds
18 Mne Uzhe raises 91585 to 114085 and is all-in
manggy94 calls 40374 and is all-in
*** FLOP *** [9h Qs Jh]
*** TURN *** [9h Qs Jh][Ad]
*** RIVER *** [9h Qs Jh Ad][5h]
*** SHOW DOWN ***
manggy94 shows [7s 7c] (One pair : 7)
18 Mne Uzhe shows [Ac Jc] (Two pairs : Aces and Jacks)
18 Mne Uzhe collected 188059 from pot
*** SUMMARY ***
Total pot 188059 | No rake
Board: [9h Qs Jh Ad 5h]
Seat 1: 18 Mne Uzhe showed [Ac Jc] and won 188059 with Two pairs : Aces and Jacks
Seat 3: manggy94 (button) showed [7s 7c] and lost with One pair : 7


