Winamax Poker - Tournament "LE SUD VS LE RESTE DU MONDE" buyIn: 1.80€ + 0.20€ level: 1 - HandId: #1731940335136801268-1-1605474079 - Holdem no limit (120/500/1000) - 2020/11/15 21:01:19 UTC
Table: 'LE SUD VS LE RESTE DU MONDE(403248783)#0499' 6-max (real money) Seat #1 is the button
Seat 1: GU122AUM3 (18376)
Seat 2: Oml&duFromaj (27474)
Seat 3: estevez-001 (40582)
Seat 4: METTREDUTEMP (20000)
Seat 5: manggy94 (20000)
*** ANTE/BLINDS ***
Oml&duFromaj posts ante 120
estevez-001 posts ante 120
GU122AUM3 posts ante 120
METTREDUTEMP posts ante 120
manggy94 posts ante 120
Oml&duFromaj posts small blind 500
estevez-001 posts big blind 1000
Dealt to manggy94 [Jd 4h]
*** PRE-FLOP *** 
METTREDUTEMP calls 1000
manggy94 folds
GU122AUM3 folds
Oml&duFromaj raises 2000 to 3000
estevez-001 folds
METTREDUTEMP calls 2000
*** FLOP *** [6h Qc 8h]
Oml&duFromaj bets 3800
METTREDUTEMP calls 3800
*** TURN *** [6h Qc 8h][2s]
Oml&duFromaj bets 7600
METTREDUTEMP folds
Oml&duFromaj collected 22800 from pot
*** SUMMARY ***
Total pot 22800 | No rake
Board: [6h Qc 8h 2s]
Seat 2: Oml&duFromaj (small blind) won 22800


Winamax Poker - Tournament "LE SUD VS LE RESTE DU MONDE" buyIn: 1.80€ + 0.20€ level: 1 - HandId: #1731940335136801268-2-1605474146 - Holdem no limit (120/500/1000) - 2020/11/15 21:02:26 UTC
Table: 'LE SUD VS LE RESTE DU MONDE(403248783)#0499' 6-max (real money) Seat #2 is the button
Seat 1: GU122AUM3 (18256)
Seat 2: Oml&duFromaj (35754)
Seat 3: estevez-001 (39462)
Seat 4: METTREDUTEMP (13080)
Seat 5: manggy94 (19880)
Seat 6: iChoufe (20000)
*** ANTE/BLINDS ***
estevez-001 posts ante 120
METTREDUTEMP posts ante 120
GU122AUM3 posts ante 120
Oml&duFromaj posts ante 120
manggy94 posts ante 120
iChoufe posts ante 120
estevez-001 posts small blind 500
METTREDUTEMP posts big blind 1000
Dealt to manggy94 [4c 5s]
*** PRE-FLOP *** 
manggy94 folds
iChoufe folds
GU122AUM3 folds
Oml&duFromaj folds
estevez-001 folds
METTREDUTEMP collected 2220 from pot
*** SUMMARY ***
Total pot 2220 | No rake
Seat 4: METTREDUTEMP (big blind) won 2220


Winamax Poker - Tournament "LE SUD VS LE RESTE DU MONDE" buyIn: 1.80€ + 0.20€ level: 1 - HandId: #1731940335136801268-3-1605474158 - Holdem no limit (120/500/1000) - 2020/11/15 21:02:38 UTC
Table: 'LE SUD VS LE RESTE DU MONDE(403248783)#0499' 6-max (real money) Seat #3 is the button
Seat 1: GU122AUM3 (18136)
Seat 2: Oml&duFromaj (35634)
Seat 3: estevez-001 (38842)
Seat 4: METTREDUTEMP (14180)
Seat 5: manggy94 (19760)
Seat 6: iChoufe (19880)
*** ANTE/BLINDS ***
METTREDUTEMP posts ante 120
manggy94 posts ante 120
GU122AUM3 posts ante 120
Oml&duFromaj posts ante 120
estevez-001 posts ante 120
iChoufe posts ante 120
METTREDUTEMP posts small blind 500
manggy94 posts big blind 1000
Dealt to manggy94 [3h 2c]
*** PRE-FLOP *** 
iChoufe folds
GU122AUM3 folds
Oml&duFromaj raises 1500 to 2500
estevez-001 calls 2500
METTREDUTEMP calls 2000
manggy94 folds
*** FLOP *** [6c Jh Ah]
METTREDUTEMP checks
Oml&duFromaj checks
estevez-001 checks
*** TURN *** [6c Jh Ah][Tc]
METTREDUTEMP checks
Oml&duFromaj checks
estevez-001 bets 4818
METTREDUTEMP folds
Oml&duFromaj folds
estevez-001 collected 14038 from pot
*** SUMMARY ***
Total pot 14038 | No rake
Board: [6c Jh Ah Tc]
Seat 3: estevez-001 (button) won 14038


Winamax Poker - Tournament "LE SUD VS LE RESTE DU MONDE" buyIn: 1.80€ + 0.20€ level: 10 - HandId: #1731940335136800937-120-1605474287 - Holdem no limit (120/500/1000) - 2020/11/15 21:04:47 UTC
Table: 'LE SUD VS LE RESTE DU MONDE(403248783)#0168' 6-max (real money) Seat #2 is the button
Seat 1: manggy94 (18640)
Seat 3: quiequeg (39423)
Seat 4: Scammer (67284)
Seat 5: madoos (68420)
Seat 6: dropdead99 (89148)
*** ANTE/BLINDS ***
quiequeg posts ante 120
Scammer posts ante 120
manggy94 posts ante 120
madoos posts ante 120
dropdead99 posts ante 120
quiequeg posts small blind 500
Scammer posts big blind 1000
Dealt to manggy94 [Th Kd]
*** PRE-FLOP *** 
madoos calls 1000
dropdead99 folds
manggy94 calls 1000
quiequeg raises 38303 to 39303 and is all-in
Scammer folds
madoos folds
manggy94 folds
quiequeg collected 42903 from pot
*** SUMMARY ***
Total pot 42903 | No rake
Seat 3: quiequeg (small blind) won 42903


Winamax Poker - Tournament "LE SUD VS LE RESTE DU MONDE" buyIn: 1.80€ + 0.20€ level: 10 - HandId: #1731940335136800937-121-1605474310 - Holdem no limit (120/500/1000) - 2020/11/15 21:05:10 UTC
Table: 'LE SUD VS LE RESTE DU MONDE(403248783)#0168' 6-max (real money) Seat #3 is the button
Seat 1: manggy94 (17520)
Seat 3: quiequeg (42903)
Seat 4: Scammer (66164)
Seat 5: madoos (67300)
Seat 6: dropdead99 (89028)
*** ANTE/BLINDS ***
Scammer posts ante 120
madoos posts ante 120
manggy94 posts ante 120
quiequeg posts ante 120
dropdead99 posts ante 120
Scammer posts small blind 500
madoos posts big blind 1000
Dealt to manggy94 [Jh 5h]
*** PRE-FLOP *** 
dropdead99 folds
manggy94 folds
quiequeg raises 1500 to 2500
Scammer folds
madoos folds
quiequeg collected 4600 from pot
*** SUMMARY ***
Total pot 4600 | No rake
Seat 3: quiequeg (button) won 4600


Winamax Poker - Tournament "LE SUD VS LE RESTE DU MONDE" buyIn: 1.80€ + 0.20€ level: 10 - HandId: #1731940335136800937-122-1605474383 - Holdem no limit (120/500/1000) - 2020/11/15 21:06:23 UTC
Table: 'LE SUD VS LE RESTE DU MONDE(403248783)#0168' 6-max (real money) Seat #4 is the button
Seat 1: manggy94 (17400)
Seat 2: Raasko931 (20000)
Seat 3: quiequeg (44883)
Seat 4: Scammer (65544)
Seat 5: madoos (66180)
Seat 6: dropdead99 (88908)
*** ANTE/BLINDS ***
madoos posts ante 120
dropdead99 posts ante 120
manggy94 posts ante 120
Raasko931 posts ante 120
quiequeg posts ante 120
Scammer posts ante 120
madoos posts small blind 500
dropdead99 posts big blind 1000
Dealt to manggy94 [7c 9d]
*** PRE-FLOP *** 
manggy94 folds
Raasko931 folds
quiequeg folds
Scammer raises 2300 to 3300
madoos folds
dropdead99 folds
Scammer collected 5520 from pot
*** SUMMARY ***
Total pot 5520 | No rake
Seat 4: Scammer (button) won 5520


Winamax Poker - Tournament "LE SUD VS LE RESTE DU MONDE" buyIn: 1.80€ + 0.20€ level: 11 - HandId: #1731940335136800937-123-1605474407 - Holdem no limit (140/600/1200) - 2020/11/15 21:06:47 UTC
Table: 'LE SUD VS LE RESTE DU MONDE(403248783)#0168' 6-max (real money) Seat #5 is the button
Seat 1: manggy94 (17280)
Seat 2: Raasko931 (19880)
Seat 3: quiequeg (44763)
Seat 4: Scammer (67644)
Seat 5: madoos (65560)
Seat 6: dropdead99 (87788)
*** ANTE/BLINDS ***
dropdead99 posts ante 140
manggy94 posts ante 140
Raasko931 posts ante 140
quiequeg posts ante 140
Scammer posts ante 140
madoos posts ante 140
dropdead99 posts small blind 600
manggy94 posts big blind 1200
Dealt to manggy94 [4s 6c]
*** PRE-FLOP *** 
Raasko931 folds
quiequeg folds
Scammer calls 1200
madoos folds
dropdead99 folds
manggy94 checks
*** FLOP *** [6d Th 8c]
manggy94 checks
Scammer bets 1997
manggy94 folds
Scammer collected 5837 from pot
*** SUMMARY ***
Total pot 5837 | No rake
Board: [6d Th 8c]
Seat 4: Scammer won 5837


Winamax Poker - Tournament "LE SUD VS LE RESTE DU MONDE" buyIn: 1.80€ + 0.20€ level: 11 - HandId: #1731940335136800937-124-1605474465 - Holdem no limit (140/600/1200) - 2020/11/15 21:07:45 UTC
Table: 'LE SUD VS LE RESTE DU MONDE(403248783)#0168' 6-max (real money) Seat #6 is the button
Seat 1: manggy94 (15940)
Seat 2: Raasko931 (19740)
Seat 3: quiequeg (44623)
Seat 4: Scammer (70144)
Seat 5: madoos (65420)
Seat 6: dropdead99 (87048)
*** ANTE/BLINDS ***
manggy94 posts ante 140
Raasko931 posts ante 140
quiequeg posts ante 140
Scammer posts ante 140
madoos posts ante 140
dropdead99 posts ante 140
manggy94 posts small blind 600
Raasko931 posts big blind 1200
Dealt to manggy94 [9d 8c]
*** PRE-FLOP *** 
quiequeg folds
Scammer folds
madoos folds
dropdead99 folds
manggy94 calls 600
Raasko931 checks
*** FLOP *** [Jh 7h 5c]
manggy94 bets 2430
Raasko931 calls 2430
*** TURN *** [Jh 7h 5c][7c]
manggy94 bets 12170 and is all-in
Raasko931 calls 12170
*** RIVER *** [Jh 7h 5c 7c][3h]
*** SHOW DOWN ***
manggy94 shows [9d 8c] (One pair : 7)
Raasko931 shows [Qs 9c] (One pair : 7)
Raasko931 collected 32440 from pot
*** SUMMARY ***
Total pot 32440 | No rake
Board: [Jh 7h 5c 7c 3h]
Seat 1: manggy94 (small blind) showed [9d 8c] and lost with One pair : 7
Seat 2: Raasko931 (big blind) showed [Qs 9c] and won 32440 with One pair : 7


