Winamax Poker - Tournament "POUR LA DARONNE" buyIn: 4.50€ + 0.50€ level: 1 - HandId: #1667016368244916557-2-1600626678 - Holdem no limit (25/100/200) - 2020/09/20 18:31:18 UTC
Table: 'POUR LA DARONNE(388132494)#0332' 6-max (real money) Seat #5 is the button
Seat 1: Le chat60 (19975)
Seat 2: LenaBluff (19975)
Seat 3: manggy94 (19975)
Seat 4: Paul19oz (19775)
Seat 5: Pr.Strauss (17775)
Seat 6: OkpasOkRAF (22525)
*** ANTE/BLINDS ***
OkpasOkRAF posts ante 25
Le chat60 posts ante 25
LenaBluff posts ante 25
manggy94 posts ante 25
Paul19oz posts ante 25
Pr.Strauss posts ante 25
OkpasOkRAF posts small blind 100
Le chat60 posts big blind 200
Dealt to manggy94 [6s 3h]
*** PRE-FLOP *** 
LenaBluff calls 200
manggy94 folds
Paul19oz folds
Pr.Strauss raises 200 to 400
OkpasOkRAF folds
Le chat60 calls 200
LenaBluff calls 200
*** FLOP *** [Td 6d Th]
Le chat60 checks
LenaBluff bets 200
Pr.Strauss calls 200
Le chat60 folds
*** TURN *** [Td 6d Th][9h]
LenaBluff checks
Pr.Strauss bets 500
LenaBluff folds
Pr.Strauss collected 2350 from pot
*** SUMMARY ***
Total pot 2350 | No rake
Board: [Td 6d Th 9h]
Seat 5: Pr.Strauss (button) won 2350


Winamax Poker - Tournament "POUR LA DARONNE" buyIn: 4.50€ + 0.50€ level: 1 - HandId: #1667016368244916557-3-1600626727 - Holdem no limit (25/100/200) - 2020/09/20 18:32:07 UTC
Table: 'POUR LA DARONNE(388132494)#0332' 6-max (real money) Seat #6 is the button
Seat 1: Le chat60 (19550)
Seat 2: LenaBluff (19350)
Seat 3: manggy94 (19950)
Seat 4: Paul19oz (19750)
Seat 5: Pr.Strauss (19000)
Seat 6: OkpasOkRAF (22400)
*** ANTE/BLINDS ***
Le chat60 posts ante 25
LenaBluff posts ante 25
manggy94 posts ante 25
Paul19oz posts ante 25
Pr.Strauss posts ante 25
OkpasOkRAF posts ante 25
Le chat60 posts small blind 100
LenaBluff posts big blind 200
Dealt to manggy94 [2d 4d]
*** PRE-FLOP *** 
manggy94 calls 200
Paul19oz calls 200
Pr.Strauss calls 200
OkpasOkRAF folds
Le chat60 folds
LenaBluff checks
*** FLOP *** [9h 9s Ts]
LenaBluff checks
manggy94 checks
Paul19oz bets 300
Pr.Strauss calls 300
LenaBluff folds
manggy94 folds
*** TURN *** [9h 9s Ts][8c]
Paul19oz bets 800
Pr.Strauss calls 800
*** RIVER *** [9h 9s Ts 8c][Js]
Paul19oz checks
Pr.Strauss checks
*** SHOW DOWN ***
Pr.Strauss shows [Ad Kh] (One pair : 9)
Paul19oz shows [6s 7h] (Straight Jack high)
Paul19oz collected 3250 from pot
*** SUMMARY ***
Total pot 3250 | No rake
Board: [9h 9s Ts 8c Js]
Seat 4: Paul19oz showed [6s 7h] and won 3250 with Straight Jack high
Seat 5: Pr.Strauss showed [Ad Kh] and lost with One pair : 9


Winamax Poker - Tournament "POUR LA DARONNE" buyIn: 4.50€ + 0.50€ level: 1 - HandId: #1667016368244916557-4-1600626791 - Holdem no limit (25/100/200) - 2020/09/20 18:33:11 UTC
Table: 'POUR LA DARONNE(388132494)#0332' 6-max (real money) Seat #1 is the button
Seat 1: Le chat60 (19425)
Seat 2: LenaBluff (19125)
Seat 3: manggy94 (19725)
Seat 4: Paul19oz (21675)
Seat 5: Pr.Strauss (17675)
Seat 6: OkpasOkRAF (22375)
*** ANTE/BLINDS ***
LenaBluff posts ante 25
manggy94 posts ante 25
Le chat60 posts ante 25
Paul19oz posts ante 25
Pr.Strauss posts ante 25
OkpasOkRAF posts ante 25
LenaBluff posts small blind 100
manggy94 posts big blind 200
Dealt to manggy94 [Kh Js]
*** PRE-FLOP *** 
Paul19oz folds
Pr.Strauss raises 200 to 400
OkpasOkRAF folds
Le chat60 folds
LenaBluff calls 300
manggy94 calls 200
*** FLOP *** [7c 3h Jh]
LenaBluff bets 200
manggy94 raises 775 to 975
Pr.Strauss folds
LenaBluff calls 775
*** TURN *** [7c 3h Jh][3c]
LenaBluff checks
manggy94 bets 1650
LenaBluff folds
manggy94 collected 4950 from pot
*** SUMMARY ***
Total pot 4950 | No rake
Board: [7c 3h Jh 3c]
Seat 3: manggy94 (big blind) won 4950


Winamax Poker - Tournament "POUR LA DARONNE" buyIn: 4.50€ + 0.50€ level: 1 - HandId: #1667016368244916557-5-1600626823 - Holdem no limit (25/100/200) - 2020/09/20 18:33:43 UTC
Table: 'POUR LA DARONNE(388132494)#0332' 6-max (real money) Seat #2 is the button
Seat 1: Le chat60 (19400)
Seat 2: LenaBluff (17725)
Seat 3: manggy94 (21625)
Seat 4: Paul19oz (21650)
Seat 5: Pr.Strauss (17250)
Seat 6: OkpasOkRAF (22350)
*** ANTE/BLINDS ***
manggy94 posts ante 25
Paul19oz posts ante 25
Le chat60 posts ante 25
LenaBluff posts ante 25
Pr.Strauss posts ante 25
OkpasOkRAF posts ante 25
manggy94 posts small blind 100
Paul19oz posts big blind 200
Dealt to manggy94 [5d 6h]
*** PRE-FLOP *** 
Pr.Strauss calls 200
OkpasOkRAF calls 200
Le chat60 folds
LenaBluff folds
manggy94 calls 100
Paul19oz checks
*** FLOP *** [7h Td 6c]
manggy94 checks
Paul19oz bets 200
Pr.Strauss calls 200
OkpasOkRAF folds
manggy94 calls 200
*** TURN *** [7h Td 6c][Kc]
manggy94 checks
Paul19oz bets 200
Pr.Strauss calls 200
manggy94 calls 200
*** RIVER *** [7h Td 6c Kc][3c]
manggy94 checks
Paul19oz checks
Pr.Strauss bets 2150
manggy94 folds
Paul19oz folds
Pr.Strauss collected 4300 from pot
*** SUMMARY ***
Total pot 4300 | No rake
Board: [7h Td 6c Kc 3c]
Seat 5: Pr.Strauss won 4300


Winamax Poker - Tournament "POUR LA DARONNE" buyIn: 4.50€ + 0.50€ level: 1 - HandId: #1667016368244916557-6-1600626879 - Holdem no limit (25/100/200) - 2020/09/20 18:34:39 UTC
Table: 'POUR LA DARONNE(388132494)#0332' 6-max (real money) Seat #3 is the button
Seat 1: Le chat60 (19375)
Seat 2: LenaBluff (17700)
Seat 3: manggy94 (21000)
Seat 4: Paul19oz (21025)
Seat 5: Pr.Strauss (18775)
Seat 6: OkpasOkRAF (22125)
*** ANTE/BLINDS ***
Paul19oz posts ante 25
Pr.Strauss posts ante 25
Le chat60 posts ante 25
LenaBluff posts ante 25
manggy94 posts ante 25
OkpasOkRAF posts ante 25
Paul19oz posts small blind 100
Pr.Strauss posts big blind 200
Dealt to manggy94 [Jd Ks]
*** PRE-FLOP *** 
OkpasOkRAF folds
Le chat60 calls 200
LenaBluff calls 200
manggy94 raises 200 to 400
Paul19oz folds
Pr.Strauss folds
Le chat60 calls 200
LenaBluff calls 200
*** FLOP *** [4d Ad 2s]
Le chat60 checks
LenaBluff checks
manggy94 checks
*** TURN *** [4d Ad 2s][5s]
Le chat60 checks
LenaBluff checks
manggy94 checks
*** RIVER *** [4d Ad 2s 5s][7d]
Le chat60 bets 825
LenaBluff folds
manggy94 folds
Le chat60 collected 2475 from pot
*** SUMMARY ***
Total pot 2475 | No rake
Board: [4d Ad 2s 5s 7d]
Seat 1: Le chat60 won 2475


Winamax Poker - Tournament "POUR LA DARONNE" buyIn: 4.50€ + 0.50€ level: 1 - HandId: #1667016368244916557-7-1600626959 - Holdem no limit (25/100/200) - 2020/09/20 18:35:59 UTC
Table: 'POUR LA DARONNE(388132494)#0332' 6-max (real money) Seat #4 is the button
Seat 1: Le chat60 (20600)
Seat 2: LenaBluff (17275)
Seat 3: manggy94 (20575)
Seat 4: Paul19oz (20900)
Seat 5: Pr.Strauss (18550)
Seat 6: OkpasOkRAF (22100)
*** ANTE/BLINDS ***
Pr.Strauss posts ante 25
OkpasOkRAF posts ante 25
Le chat60 posts ante 25
LenaBluff posts ante 25
manggy94 posts ante 25
Paul19oz posts ante 25
Pr.Strauss posts small blind 100
OkpasOkRAF posts big blind 200
Dealt to manggy94 [2c 8d]
*** PRE-FLOP *** 
Le chat60 folds
LenaBluff calls 200
manggy94 folds
Paul19oz calls 200
Pr.Strauss calls 100
OkpasOkRAF checks
*** FLOP *** [Ts 6d Th]
Pr.Strauss bets 500
OkpasOkRAF folds
LenaBluff folds
Paul19oz calls 500
*** TURN *** [Ts 6d Th][8s]
Pr.Strauss bets 500
Paul19oz calls 500
*** RIVER *** [Ts 6d Th 8s][9c]
Pr.Strauss bets 1475
Paul19oz calls 1475
*** SHOW DOWN ***
Pr.Strauss shows [Jc Ah] (One pair : Tens)
Paul19oz shows [Qd 6h] (Two pairs : Tens and 6)
Paul19oz collected 5900 from pot
*** SUMMARY ***
Total pot 5900 | No rake
Board: [Ts 6d Th 8s 9c]
Seat 4: Paul19oz (button) showed [Qd 6h] and won 5900 with Two pairs : Tens and 6
Seat 5: Pr.Strauss (small blind) showed [Jc Ah] and lost with One pair : Tens


Winamax Poker - Tournament "POUR LA DARONNE" buyIn: 4.50€ + 0.50€ level: 1 - HandId: #1667016368244916557-8-1600627032 - Holdem no limit (25/100/200) - 2020/09/20 18:37:12 UTC
Table: 'POUR LA DARONNE(388132494)#0332' 6-max (real money) Seat #5 is the button
Seat 1: Le chat60 (20575)
Seat 2: LenaBluff (17050)
Seat 3: manggy94 (20550)
Seat 4: Paul19oz (24100)
Seat 5: Pr.Strauss (15850)
Seat 6: OkpasOkRAF (21875)
*** ANTE/BLINDS ***
OkpasOkRAF posts ante 25
Le chat60 posts ante 25
LenaBluff posts ante 25
manggy94 posts ante 25
Paul19oz posts ante 25
Pr.Strauss posts ante 25
OkpasOkRAF posts small blind 100
Le chat60 posts big blind 200
Dealt to manggy94 [Qc 7s]
*** PRE-FLOP *** 
LenaBluff calls 200
manggy94 folds
Paul19oz folds
Pr.Strauss raises 200 to 400
OkpasOkRAF folds
Le chat60 folds
LenaBluff calls 200
*** FLOP *** [6d 5c 3s]
LenaBluff checks
Pr.Strauss bets 400
LenaBluff calls 400
*** TURN *** [6d 5c 3s][4h]
LenaBluff bets 200
Pr.Strauss raises 200 to 400
LenaBluff calls 200
*** RIVER *** [6d 5c 3s 4h][Th]
LenaBluff checks
Pr.Strauss checks
*** SHOW DOWN ***
LenaBluff shows [8s Jh] (High card : Jack)
Pr.Strauss shows [Jc Ks] (High card : King)
Pr.Strauss collected 2850 from pot
*** SUMMARY ***
Total pot 2850 | No rake
Board: [6d 5c 3s 4h Th]
Seat 2: LenaBluff showed [8s Jh] and lost with High card : Jack
Seat 5: Pr.Strauss (button) showed [Jc Ks] and won 2850 with High card : King


Winamax Poker - Tournament "POUR LA DARONNE" buyIn: 4.50€ + 0.50€ level: 1 - HandId: #1667016368244916557-9-1600627070 - Holdem no limit (25/100/200) - 2020/09/20 18:37:50 UTC
Table: 'POUR LA DARONNE(388132494)#0332' 6-max (real money) Seat #6 is the button
Seat 1: Le chat60 (20350)
Seat 2: LenaBluff (15825)
Seat 3: manggy94 (20525)
Seat 4: Paul19oz (24075)
Seat 5: Pr.Strauss (17475)
Seat 6: OkpasOkRAF (21750)
*** ANTE/BLINDS ***
Le chat60 posts ante 25
LenaBluff posts ante 25
manggy94 posts ante 25
Paul19oz posts ante 25
Pr.Strauss posts ante 25
OkpasOkRAF posts ante 25
Le chat60 posts small blind 100
LenaBluff posts big blind 200
Dealt to manggy94 [4h Ad]
*** PRE-FLOP *** 
manggy94 raises 200 to 400
Paul19oz calls 400
Pr.Strauss calls 400
OkpasOkRAF folds
Le chat60 raises 1600 to 2000
LenaBluff folds
manggy94 folds
Paul19oz raises 22050 to 24050 and is all-in
Pr.Strauss folds
Le chat60 calls 18325 and is all-in
*** FLOP *** [5h 3d Ah]
*** TURN *** [5h 3d Ah][9h]
*** RIVER *** [5h 3d Ah 9h][Tc]
*** SHOW DOWN ***
Le chat60 shows [Qd Qs] (One pair : Queens)
Paul19oz shows [Th Ts] (Trips of Tens)
Paul19oz collected 45525 from pot
*** SUMMARY ***
Total pot 45525 | No rake
Board: [5h 3d Ah 9h Tc]
Seat 1: Le chat60 (small blind) showed [Qd Qs] and lost with One pair : Queens
Seat 4: Paul19oz showed [Th Ts] and won 45525 with Trips of Tens


Winamax Poker - Tournament "POUR LA DARONNE" buyIn: 4.50€ + 0.50€ level: 1 - HandId: #1667016368244916557-10-1600627108 - Holdem no limit (25/100/200) - 2020/09/20 18:38:28 UTC
Table: 'POUR LA DARONNE(388132494)#0332' 6-max (real money) Seat #1 is the button
Seat 2: LenaBluff (15600)
Seat 3: manggy94 (20100)
Seat 4: Paul19oz (45525)
Seat 5: Pr.Strauss (17050)
Seat 6: OkpasOkRAF (21725)
*** ANTE/BLINDS ***
LenaBluff posts ante 25
manggy94 posts ante 25
Paul19oz posts ante 25
Pr.Strauss posts ante 25
OkpasOkRAF posts ante 25
LenaBluff posts small blind 100
manggy94 posts big blind 200
Dealt to manggy94 [Tc Kd]
*** PRE-FLOP *** 
Paul19oz raises 200 to 400
Pr.Strauss calls 400
OkpasOkRAF folds
LenaBluff calls 300
manggy94 calls 200
*** FLOP *** [Td Kh 5s]
LenaBluff checks
manggy94 checks
Paul19oz bets 200
Pr.Strauss folds
LenaBluff calls 200
manggy94 calls 200
*** TURN *** [Td Kh 5s][Qc]
LenaBluff bets 200
manggy94 calls 200
Paul19oz raises 500 to 700
LenaBluff calls 500
manggy94 raises 4425 to 5125
Paul19oz raises 39775 to 44900 and is all-in
LenaBluff folds
manggy94 calls 14350 and is all-in
*** RIVER *** [Td Kh 5s Qc][9c]
*** SHOW DOWN ***
manggy94 shows [Tc Kd] (Two pairs : Kings and Tens)
Paul19oz shows [9d Jh] (Straight King high)
Paul19oz collected 67400 from pot
*** SUMMARY ***
Total pot 67400 | No rake
Board: [Td Kh 5s Qc 9c]
Seat 3: manggy94 (big blind) showed [Tc Kd] and lost with Two pairs : Kings and Tens
Seat 4: Paul19oz showed [9d Jh] and won 67400 with Straight King high


Winamax Poker - Tournament "POUR LA DARONNE" buyIn: 4.50€ + 0.50€ level: 1 - HandId: #1667016368244916668-2-1600627191 - Holdem no limit (25/100/200) - 2020/09/20 18:39:51 UTC
Table: 'POUR LA DARONNE(388132494)#0443' 6-max (real money) Seat #3 is the button
Seat 1: manggy94 (20000)
Seat 2: Upiatonii (19975)
Seat 3: Kekkae (18625)
Seat 4: _OpahlawiN_1 (23129)
Seat 5: Flynt2be (19975)
Seat 6: tonyo72150 (19175)
*** ANTE/BLINDS ***
_OpahlawiN_1 posts ante 25
Flynt2be posts ante 25
manggy94 posts ante 25
Upiatonii posts ante 25
Kekkae posts ante 25
tonyo72150 posts ante 25
_OpahlawiN_1 posts small blind 100
Flynt2be posts big blind 200
Dealt to manggy94 [7c 6c]
*** PRE-FLOP *** 
tonyo72150 folds
manggy94 calls 200
Upiatonii folds
Kekkae calls 200
_OpahlawiN_1 folds
Flynt2be raises 19750 to 19950 and is all-in
manggy94 folds
Kekkae folds
Flynt2be collected 20600 from pot
*** SUMMARY ***
Total pot 20600 | No rake
Seat 5: Flynt2be (big blind) won 20600


Winamax Poker - Tournament "POUR LA DARONNE" buyIn: 4.50€ + 0.50€ level: 1 - HandId: #1667016368244916668-3-1600627242 - Holdem no limit (25/100/200) - 2020/09/20 18:40:42 UTC
Table: 'POUR LA DARONNE(388132494)#0443' 6-max (real money) Seat #4 is the button
Seat 1: manggy94 (19775)
Seat 2: Upiatonii (19950)
Seat 3: Kekkae (18400)
Seat 4: _OpahlawiN_1 (23004)
Seat 5: Flynt2be (20600)
Seat 6: tonyo72150 (19150)
*** ANTE/BLINDS ***
Flynt2be posts ante 25
tonyo72150 posts ante 25
manggy94 posts ante 25
Upiatonii posts ante 25
Kekkae posts ante 25
_OpahlawiN_1 posts ante 25
Flynt2be posts small blind 100
tonyo72150 posts big blind 200
Dealt to manggy94 [5c 6c]
*** PRE-FLOP *** 
manggy94 calls 200
Upiatonii folds
Kekkae raises 200 to 400
_OpahlawiN_1 folds
Flynt2be folds
tonyo72150 folds
manggy94 calls 200
*** FLOP *** [Kd 3d 7s]
manggy94 checks
Kekkae bets 625
manggy94 raises 1458 to 2083
Kekkae calls 1458
*** TURN *** [Kd 3d 7s][4d]
manggy94 checks
Kekkae checks
*** RIVER *** [Kd 3d 7s 4d][9s]
manggy94 bets 2708
Kekkae calls 2708
*** SHOW DOWN ***
Kekkae shows [9h Kh] (Two pairs : Kings and 9)
manggy94 shows [5c 6c] (Straight 7 high)
manggy94 collected 10832 from pot
*** SUMMARY ***
Total pot 10832 | No rake
Board: [Kd 3d 7s 4d 9s]
Seat 1: manggy94 showed [5c 6c] and won 10832 with Straight 7 high
Seat 3: Kekkae showed [9h Kh] and lost with Two pairs : Kings and 9


Winamax Poker - Tournament "POUR LA DARONNE" buyIn: 4.50€ + 0.50€ level: 1 - HandId: #1667016368244916668-4-1600627294 - Holdem no limit (25/100/200) - 2020/09/20 18:41:34 UTC
Table: 'POUR LA DARONNE(388132494)#0443' 6-max (real money) Seat #5 is the button
Seat 1: manggy94 (25391)
Seat 3: Kekkae (13184)
Seat 4: _OpahlawiN_1 (22979)
Seat 5: Flynt2be (20475)
Seat 6: tonyo72150 (18925)
*** ANTE/BLINDS ***
tonyo72150 posts ante 25
manggy94 posts ante 25
Kekkae posts ante 25
_OpahlawiN_1 posts ante 25
Flynt2be posts ante 25
tonyo72150 posts small blind 100
manggy94 posts big blind 200
Dealt to manggy94 [4s 7c]
*** PRE-FLOP *** 
Kekkae folds
_OpahlawiN_1 folds
Flynt2be folds
tonyo72150 folds
manggy94 collected 425 from pot
*** SUMMARY ***
Total pot 425 | No rake
Seat 1: manggy94 (big blind) won 425


Winamax Poker - Tournament "POUR LA DARONNE" buyIn: 4.50€ + 0.50€ level: 1 - HandId: #1667016368244916668-5-1600627312 - Holdem no limit (25/100/200) - 2020/09/20 18:41:52 UTC
Table: 'POUR LA DARONNE(388132494)#0443' 6-max (real money) Seat #6 is the button
Seat 1: manggy94 (25591)
Seat 2: Cyross (20000)
Seat 3: Kekkae (13159)
Seat 4: _OpahlawiN_1 (22954)
Seat 5: Flynt2be (20450)
Seat 6: tonyo72150 (18800)
*** ANTE/BLINDS ***
manggy94 posts ante 25
Cyross posts ante 25
Kekkae posts ante 25
_OpahlawiN_1 posts ante 25
Flynt2be posts ante 25
tonyo72150 posts ante 25
manggy94 posts small blind 100
Cyross posts big blind 200
Dealt to manggy94 [Qs 3d]
*** PRE-FLOP *** 
Kekkae folds
_OpahlawiN_1 folds
Flynt2be raises 400 to 600
tonyo72150 folds
manggy94 folds
Cyross folds
Flynt2be collected 1050 from pot
*** SUMMARY ***
Total pot 1050 | No rake
Seat 5: Flynt2be won 1050


Winamax Poker - Tournament "POUR LA DARONNE" buyIn: 4.50€ + 0.50€ level: 1 - HandId: #1667016368244916668-6-1600627345 - Holdem no limit (25/100/200) - 2020/09/20 18:42:25 UTC
Table: 'POUR LA DARONNE(388132494)#0443' 6-max (real money) Seat #1 is the button
Seat 1: manggy94 (25466)
Seat 2: Cyross (19775)
Seat 3: Kekkae (13134)
Seat 4: _OpahlawiN_1 (22929)
Seat 5: Flynt2be (20875)
Seat 6: tonyo72150 (18775)
*** ANTE/BLINDS ***
Cyross posts ante 25
Kekkae posts ante 25
manggy94 posts ante 25
_OpahlawiN_1 posts ante 25
Flynt2be posts ante 25
tonyo72150 posts ante 25
Cyross posts small blind 100
Kekkae posts big blind 200
Dealt to manggy94 [3s 2s]
*** PRE-FLOP *** 
_OpahlawiN_1 folds
Flynt2be raises 400 to 600
tonyo72150 folds
manggy94 calls 600
Cyross folds
Kekkae folds
*** FLOP *** [8s Qd 7s]
Flynt2be bets 825
manggy94 calls 825
*** TURN *** [8s Qd 7s][Kh]
Flynt2be bets 3300
manggy94 calls 3300
*** RIVER *** [8s Qd 7s Kh][Ts]
Flynt2be checks
manggy94 bets 4950
Flynt2be folds
manggy94 collected 14850 from pot
*** SUMMARY ***
Total pot 14850 | No rake
Board: [8s Qd 7s Kh Ts]
Seat 1: manggy94 (button) won 14850


Winamax Poker - Tournament "POUR LA DARONNE" buyIn: 4.50€ + 0.50€ level: 1 - HandId: #1667016368244916668-7-1600627409 - Holdem no limit (25/100/200) - 2020/09/20 18:43:29 UTC
Table: 'POUR LA DARONNE(388132494)#0443' 6-max (real money) Seat #2 is the button
Seat 1: manggy94 (30616)
Seat 2: Cyross (19650)
Seat 3: Kekkae (12909)
Seat 4: _OpahlawiN_1 (22904)
Seat 5: Flynt2be (16125)
Seat 6: tonyo72150 (18750)
*** ANTE/BLINDS ***
Kekkae posts ante 25
_OpahlawiN_1 posts ante 25
manggy94 posts ante 25
Cyross posts ante 25
Flynt2be posts ante 25
tonyo72150 posts ante 25
Kekkae posts small blind 100
_OpahlawiN_1 posts big blind 200
Dealt to manggy94 [3s 8d]
*** PRE-FLOP *** 
Flynt2be calls 200
tonyo72150 folds
manggy94 folds
Cyross calls 200
Kekkae calls 100
_OpahlawiN_1 checks
*** FLOP *** [4c Tc Qd]
Kekkae checks
_OpahlawiN_1 checks
Flynt2be bets 633
Cyross calls 633
Kekkae calls 633
_OpahlawiN_1 folds
*** TURN *** [4c Tc Qd][Jc]
Kekkae checks
Flynt2be checks
Cyross bets 800
Kekkae calls 800
Flynt2be calls 800
*** RIVER *** [4c Tc Qd Jc][As]
Kekkae checks
Flynt2be checks
Cyross checks
*** SHOW DOWN ***
Cyross shows [6s Qc] (One pair : Queens)
Kekkae shows [Jd 7s] (One pair : Jacks)
Flynt2be shows [Kd Ah] (Straight Ace high)
Flynt2be collected 5249 from pot
*** SUMMARY ***
Total pot 5249 | No rake
Board: [4c Tc Qd Jc As]
Seat 2: Cyross (button) showed [6s Qc] and lost with One pair : Queens
Seat 3: Kekkae (small blind) showed [Jd 7s] and lost with One pair : Jacks
Seat 5: Flynt2be showed [Kd Ah] and won 5249 with Straight Ace high


Winamax Poker - Tournament "POUR LA DARONNE" buyIn: 4.50€ + 0.50€ level: 1 - HandId: #1667016368244916668-8-1600627520 - Holdem no limit (25/100/200) - 2020/09/20 18:45:20 UTC
Table: 'POUR LA DARONNE(388132494)#0443' 6-max (real money) Seat #3 is the button
Seat 1: manggy94 (30591)
Seat 2: Cyross (17992)
Seat 3: Kekkae (11251)
Seat 4: _OpahlawiN_1 (22679)
Seat 5: Flynt2be (19716)
Seat 6: tonyo72150 (18725)
*** ANTE/BLINDS ***
_OpahlawiN_1 posts ante 25
Flynt2be posts ante 25
manggy94 posts ante 25
Cyross posts ante 25
Kekkae posts ante 25
tonyo72150 posts ante 25
_OpahlawiN_1 posts small blind 100
Flynt2be posts big blind 200
Dealt to manggy94 [6s 9d]
*** PRE-FLOP *** 
tonyo72150 folds
manggy94 folds
Cyross calls 200
Kekkae calls 200
_OpahlawiN_1 folds
Flynt2be raises 19491 to 19691 and is all-in
Cyross folds
Kekkae folds
Flynt2be collected 20341 from pot
*** SUMMARY ***
Total pot 20341 | No rake
Seat 5: Flynt2be (big blind) won 20341


Winamax Poker - Tournament "POUR LA DARONNE" buyIn: 4.50€ + 0.50€ level: 1 - HandId: #1667016368244916668-9-1600627558 - Holdem no limit (25/100/200) - 2020/09/20 18:45:58 UTC
Table: 'POUR LA DARONNE(388132494)#0443' 6-max (real money) Seat #4 is the button
Seat 1: manggy94 (30566)
Seat 2: Cyross (17767)
Seat 3: Kekkae (11026)
Seat 4: _OpahlawiN_1 (22554)
Seat 5: Flynt2be (20341)
Seat 6: tonyo72150 (18700)
*** ANTE/BLINDS ***
Flynt2be posts ante 25
tonyo72150 posts ante 25
manggy94 posts ante 25
Cyross posts ante 25
Kekkae posts ante 25
_OpahlawiN_1 posts ante 25
Flynt2be posts small blind 100
tonyo72150 posts big blind 200
Dealt to manggy94 [6s 4h]
*** PRE-FLOP *** 
manggy94 folds
Cyross folds
Kekkae folds
_OpahlawiN_1 folds
Flynt2be raises 400 to 600
tonyo72150 calls 400
*** FLOP *** [9s Kh Kc]
Flynt2be bets 675
tonyo72150 calls 675
*** TURN *** [9s Kh Kc][2s]
Flynt2be checks
tonyo72150 bets 1200
Flynt2be folds
tonyo72150 collected 3900 from pot
*** SUMMARY ***
Total pot 3900 | No rake
Board: [9s Kh Kc 2s]
Seat 6: tonyo72150 (big blind) won 3900


Winamax Poker - Tournament "POUR LA DARONNE" buyIn: 4.50€ + 0.50€ level: 1 - HandId: #1667016368244916668-10-1600627617 - Holdem no limit (25/100/200) - 2020/09/20 18:46:57 UTC
Table: 'POUR LA DARONNE(388132494)#0443' 6-max (real money) Seat #5 is the button
Seat 1: manggy94 (30541)
Seat 2: Cyross (17742)
Seat 3: Kekkae (11001)
Seat 4: _OpahlawiN_1 (22529)
Seat 5: Flynt2be (19041)
Seat 6: tonyo72150 (20100)
*** ANTE/BLINDS ***
tonyo72150 posts ante 25
manggy94 posts ante 25
Cyross posts ante 25
Kekkae posts ante 25
_OpahlawiN_1 posts ante 25
Flynt2be posts ante 25
tonyo72150 posts small blind 100
manggy94 posts big blind 200
Dealt to manggy94 [Js 4s]
*** PRE-FLOP *** 
Cyross calls 200
Kekkae raises 200 to 400
_OpahlawiN_1 folds
Flynt2be folds
tonyo72150 raises 1600 to 2000
manggy94 folds
Cyross folds
Kekkae raises 8976 to 10976 and is all-in
tonyo72150 calls 8976
*** FLOP *** [3c Jd 3s]
*** TURN *** [3c Jd 3s][Kd]
*** RIVER *** [3c Jd 3s Kd][2c]
*** SHOW DOWN ***
Kekkae shows [7c 7h] (Two pairs : 7 and 3)
tonyo72150 shows [Ad Kc] (Two pairs : Kings and 3)
tonyo72150 collected 22502 from pot
*** SUMMARY ***
Total pot 22502 | No rake
Board: [3c Jd 3s Kd 2c]
Seat 3: Kekkae showed [7c 7h] and lost with Two pairs : 7 and 3
Seat 6: tonyo72150 (small blind) showed [Ad Kc] and won 22502 with Two pairs : Kings and 3


Winamax Poker - Tournament "POUR LA DARONNE" buyIn: 4.50€ + 0.50€ level: 1 - HandId: #1667016368244916668-11-1600627658 - Holdem no limit (25/100/200) - 2020/09/20 18:47:38 UTC
Table: 'POUR LA DARONNE(388132494)#0443' 6-max (real money) Seat #6 is the button
Seat 1: manggy94 (30316)
Seat 2: Cyross (17517)
Seat 4: _OpahlawiN_1 (22504)
Seat 5: Flynt2be (19016)
Seat 6: tonyo72150 (31601)
*** ANTE/BLINDS ***
manggy94 posts ante 25
Cyross posts ante 25
_OpahlawiN_1 posts ante 25
Flynt2be posts ante 25
tonyo72150 posts ante 25
manggy94 posts small blind 100
Cyross posts big blind 200
Dealt to manggy94 [9d Jh]
*** PRE-FLOP *** 
_OpahlawiN_1 folds
Flynt2be folds
tonyo72150 raises 200 to 400
manggy94 calls 300
Cyross calls 200
*** FLOP *** [2c 3c 4c]
manggy94 checks
Cyross checks
tonyo72150 bets 663
manggy94 folds
Cyross folds
tonyo72150 collected 1988 from pot
*** SUMMARY ***
Total pot 1988 | No rake
Board: [2c 3c 4c]
Seat 6: tonyo72150 (button) won 1988


Winamax Poker - Tournament "POUR LA DARONNE" buyIn: 4.50€ + 0.50€ level: 1 - HandId: #1667016368244916668-12-1600627704 - Holdem no limit (25/100/200) - 2020/09/20 18:48:24 UTC
Table: 'POUR LA DARONNE(388132494)#0443' 6-max (real money) Seat #1 is the button
Seat 1: manggy94 (29891)
Seat 2: Cyross (17092)
Seat 3: 50CentPatate (20000)
Seat 4: _OpahlawiN_1 (22479)
Seat 5: Flynt2be (18991)
Seat 6: tonyo72150 (32501)
*** ANTE/BLINDS ***
Cyross posts ante 25
50CentPatate posts ante 25
manggy94 posts ante 25
_OpahlawiN_1 posts ante 25
Flynt2be posts ante 25
tonyo72150 posts ante 25
Cyross posts small blind 100
50CentPatate posts big blind 200
Dealt to manggy94 [2h 8h]
*** PRE-FLOP *** 
_OpahlawiN_1 folds
Flynt2be folds
tonyo72150 raises 240 to 440
manggy94 folds
Cyross folds
50CentPatate calls 240
*** FLOP *** [7c 2s 4h]
50CentPatate checks
tonyo72150 bets 400
50CentPatate calls 400
*** TURN *** [7c 2s 4h][5d]
50CentPatate checks
tonyo72150 checks
*** RIVER *** [7c 2s 4h 5d][Th]
50CentPatate bets 800
tonyo72150 folds
50CentPatate collected 2730 from pot
*** SUMMARY ***
Total pot 2730 | No rake
Board: [7c 2s 4h 5d Th]
Seat 3: 50CentPatate (big blind) won 2730


Winamax Poker - Tournament "POUR LA DARONNE" buyIn: 4.50€ + 0.50€ level: 1 - HandId: #1667016368244916668-13-1600627768 - Holdem no limit (25/100/200) - 2020/09/20 18:49:28 UTC
Table: 'POUR LA DARONNE(388132494)#0443' 6-max (real money) Seat #2 is the button
Seat 1: manggy94 (29866)
Seat 2: Cyross (16967)
Seat 3: 50CentPatate (21065)
Seat 4: _OpahlawiN_1 (22454)
Seat 6: tonyo72150 (31636)
*** ANTE/BLINDS ***
50CentPatate posts ante 25
_OpahlawiN_1 posts ante 25
manggy94 posts ante 25
Cyross posts ante 25
tonyo72150 posts ante 25
50CentPatate posts small blind 100
_OpahlawiN_1 posts big blind 200
Dealt to manggy94 [7d Qh]
*** PRE-FLOP *** 
tonyo72150 folds
manggy94 folds
Cyross folds
50CentPatate raises 500 to 700
_OpahlawiN_1 calls 500
*** FLOP *** [Js 6s 9h]
50CentPatate bets 458
_OpahlawiN_1 calls 458
*** TURN *** [Js 6s 9h][5s]
50CentPatate checks
_OpahlawiN_1 checks
*** RIVER *** [Js 6s 9h 5s][5c]
50CentPatate checks
_OpahlawiN_1 checks
*** SHOW DOWN ***
_OpahlawiN_1 shows [2s Ah] (One pair : 5)
50CentPatate shows [Th Ad] (One pair : 5)
50CentPatate collected 2441 from pot
*** SUMMARY ***
Total pot 2441 | No rake
Board: [Js 6s 9h 5s 5c]
Seat 3: 50CentPatate (small blind) showed [Th Ad] and won 2441 with One pair : 5
Seat 4: _OpahlawiN_1 (big blind) showed [2s Ah] and lost with One pair : 5


Winamax Poker - Tournament "POUR LA DARONNE" buyIn: 4.50€ + 0.50€ level: 1 - HandId: #1667016368244916668-14-1600627840 - Holdem no limit (25/100/200) - 2020/09/20 18:50:40 UTC
Table: 'POUR LA DARONNE(388132494)#0443' 6-max (real money) Seat #3 is the button
Seat 1: manggy94 (29841)
Seat 2: Cyross (16942)
Seat 3: 50CentPatate (22323)
Seat 4: _OpahlawiN_1 (21271)
Seat 5: BUSSHANSENN (20000)
Seat 6: tonyo72150 (31611)
*** ANTE/BLINDS ***
_OpahlawiN_1 posts ante 25
BUSSHANSENN posts ante 25
manggy94 posts ante 25
Cyross posts ante 25
50CentPatate posts ante 25
tonyo72150 posts ante 25
_OpahlawiN_1 posts small blind 100
BUSSHANSENN posts big blind 200
Dealt to manggy94 [Th 5d]
*** PRE-FLOP *** 
tonyo72150 folds
manggy94 folds
Cyross folds
50CentPatate folds
_OpahlawiN_1 folds
BUSSHANSENN collected 450 from pot
*** SUMMARY ***
Total pot 450 | No rake
Seat 5: BUSSHANSENN (big blind) won 450


Winamax Poker - Tournament "POUR LA DARONNE" buyIn: 4.50€ + 0.50€ level: 1 - HandId: #1667016368244916668-15-1600627906 - Holdem no limit (25/100/200) - 2020/09/20 18:51:46 UTC
Table: 'POUR LA DARONNE(388132494)#0443' 6-max (real money) Seat #4 is the button
Seat 1: manggy94 (29816)
Seat 2: Cyross (16917)
Seat 3: 50CentPatate (22298)
Seat 4: _OpahlawiN_1 (21146)
Seat 5: BUSSHANSENN (20225)
Seat 6: tonyo72150 (31586)
*** ANTE/BLINDS ***
BUSSHANSENN posts ante 25
tonyo72150 posts ante 25
manggy94 posts ante 25
Cyross posts ante 25
50CentPatate posts ante 25
_OpahlawiN_1 posts ante 25
BUSSHANSENN posts small blind 100
tonyo72150 posts big blind 200
Dealt to manggy94 [Ts 2d]
*** PRE-FLOP *** 
manggy94 folds
Cyross folds
50CentPatate raises 300 to 500
_OpahlawiN_1 folds
BUSSHANSENN raises 2005 to 2505
tonyo72150 folds
50CentPatate folds
BUSSHANSENN collected 3355 from pot
*** SUMMARY ***
Total pot 3355 | No rake
Seat 5: BUSSHANSENN (small blind) won 3355


Winamax Poker - Tournament "POUR LA DARONNE" buyIn: 4.50€ + 0.50€ level: 1 - HandId: #1667016368244916668-16-1600627933 - Holdem no limit (25/100/200) - 2020/09/20 18:52:13 UTC
Table: 'POUR LA DARONNE(388132494)#0443' 6-max (real money) Seat #5 is the button
Seat 1: manggy94 (29791)
Seat 2: Cyross (16892)
Seat 3: 50CentPatate (21773)
Seat 4: _OpahlawiN_1 (21121)
Seat 5: BUSSHANSENN (21050)
Seat 6: tonyo72150 (31361)
*** ANTE/BLINDS ***
tonyo72150 posts ante 25
manggy94 posts ante 25
Cyross posts ante 25
50CentPatate posts ante 25
_OpahlawiN_1 posts ante 25
BUSSHANSENN posts ante 25
tonyo72150 posts small blind 100
manggy94 posts big blind 200
Dealt to manggy94 [Jh 5c]
*** PRE-FLOP *** 
Cyross folds
50CentPatate folds
_OpahlawiN_1 raises 262 to 462
BUSSHANSENN folds
tonyo72150 calls 362
manggy94 folds
*** FLOP *** [3c 9c Ts]
tonyo72150 checks
_OpahlawiN_1 checks
*** TURN *** [3c 9c Ts][6d]
tonyo72150 bets 400
_OpahlawiN_1 calls 400
*** RIVER *** [3c 9c Ts 6d][Tc]
tonyo72150 bets 1037
_OpahlawiN_1 folds
tonyo72150 collected 3111 from pot
*** SUMMARY ***
Total pot 3111 | No rake
Board: [3c 9c Ts 6d Tc]
Seat 6: tonyo72150 (small blind) won 3111


Winamax Poker - Tournament "POUR LA DARONNE" buyIn: 4.50€ + 0.50€ level: 1 - HandId: #1667016368244916668-17-1600628017 - Holdem no limit (25/100/200) - 2020/09/20 18:53:37 UTC
Table: 'POUR LA DARONNE(388132494)#0443' 6-max (real money) Seat #6 is the button
Seat 1: manggy94 (29566)
Seat 2: Cyross (16867)
Seat 3: 50CentPatate (21748)
Seat 4: _OpahlawiN_1 (20234)
Seat 5: BUSSHANSENN (21025)
Seat 6: tonyo72150 (32548)
*** ANTE/BLINDS ***
manggy94 posts ante 25
Cyross posts ante 25
50CentPatate posts ante 25
_OpahlawiN_1 posts ante 25
BUSSHANSENN posts ante 25
tonyo72150 posts ante 25
manggy94 posts small blind 100
Cyross posts big blind 200
Dealt to manggy94 [7c Qs]
*** PRE-FLOP *** 
50CentPatate folds
_OpahlawiN_1 folds
BUSSHANSENN folds
tonyo72150 folds
manggy94 raises 400 to 600
Cyross calls 400
*** FLOP *** [3d 2d Kc]
manggy94 bets 900
Cyross folds
manggy94 collected 2250 from pot
*** SUMMARY ***
Total pot 2250 | No rake
Board: [3d 2d Kc]
Seat 1: manggy94 (small blind) won 2250


Winamax Poker - Tournament "POUR LA DARONNE" buyIn: 4.50€ + 0.50€ level: 1 - HandId: #1667016368244916668-18-1600628056 - Holdem no limit (25/100/200) - 2020/09/20 18:54:16 UTC
Table: 'POUR LA DARONNE(388132494)#0443' 6-max (real money) Seat #1 is the button
Seat 1: manggy94 (30291)
Seat 2: Cyross (16242)
Seat 3: 50CentPatate (21723)
Seat 4: _OpahlawiN_1 (20209)
Seat 5: BUSSHANSENN (21000)
Seat 6: tonyo72150 (32523)
*** ANTE/BLINDS ***
Cyross posts ante 25
50CentPatate posts ante 25
manggy94 posts ante 25
_OpahlawiN_1 posts ante 25
BUSSHANSENN posts ante 25
tonyo72150 posts ante 25
Cyross posts small blind 100
50CentPatate posts big blind 200
Dealt to manggy94 [Qd 3d]
*** PRE-FLOP *** 
_OpahlawiN_1 folds
BUSSHANSENN raises 240 to 440
tonyo72150 folds
manggy94 calls 440
Cyross folds
50CentPatate calls 240
*** FLOP *** [Kc 4h Kh]
50CentPatate checks
BUSSHANSENN bets 700
manggy94 folds
50CentPatate folds
BUSSHANSENN collected 2270 from pot
*** SUMMARY ***
Total pot 2270 | No rake
Board: [Kc 4h Kh]
Seat 5: BUSSHANSENN won 2270


Winamax Poker - Tournament "POUR LA DARONNE" buyIn: 4.50€ + 0.50€ level: 1 - HandId: #1667016368244916668-19-1600628094 - Holdem no limit (25/100/200) - 2020/09/20 18:54:54 UTC
Table: 'POUR LA DARONNE(388132494)#0443' 6-max (real money) Seat #2 is the button
Seat 1: manggy94 (29826)
Seat 2: Cyross (16117)
Seat 3: 50CentPatate (21258)
Seat 4: _OpahlawiN_1 (20184)
Seat 5: BUSSHANSENN (22105)
Seat 6: tonyo72150 (32498)
*** ANTE/BLINDS ***
50CentPatate posts ante 25
_OpahlawiN_1 posts ante 25
manggy94 posts ante 25
Cyross posts ante 25
BUSSHANSENN posts ante 25
tonyo72150 posts ante 25
50CentPatate posts small blind 100
_OpahlawiN_1 posts big blind 200
Dealt to manggy94 [2h Td]
*** PRE-FLOP *** 
BUSSHANSENN folds
tonyo72150 folds
manggy94 folds
Cyross raises 400 to 600
50CentPatate folds
_OpahlawiN_1 calls 400
*** FLOP *** [4c Jc 4s]
_OpahlawiN_1 checks
Cyross bets 800
_OpahlawiN_1 folds
Cyross collected 2250 from pot
*** SUMMARY ***
Total pot 2250 | No rake
Board: [4c Jc 4s]
Seat 2: Cyross (button) won 2250


Winamax Poker - Tournament "POUR LA DARONNE" buyIn: 4.50€ + 0.50€ level: 1 - HandId: #1667016368244916668-20-1600628464 - Holdem no limit (25/100/200) - 2020/09/20 19:01:04 UTC
Table: 'POUR LA DARONNE(388132494)#0443' 6-max (real money) Seat #3 is the button
Seat 1: manggy94 (29801)
Seat 2: Cyross (16942)
Seat 3: 50CentPatate (21133)
Seat 4: _OpahlawiN_1 (19559)
Seat 5: BUSSHANSENN (22080)
Seat 6: tonyo72150 (32473)
*** ANTE/BLINDS ***
_OpahlawiN_1 posts ante 25
BUSSHANSENN posts ante 25
manggy94 posts ante 25
Cyross posts ante 25
50CentPatate posts ante 25
tonyo72150 posts ante 25
_OpahlawiN_1 posts small blind 100
BUSSHANSENN posts big blind 200
Dealt to manggy94 [9h Jc]
*** PRE-FLOP *** 
tonyo72150 folds
manggy94 calls 200
Cyross calls 200
50CentPatate folds
_OpahlawiN_1 raises 600 to 800
BUSSHANSENN folds
manggy94 calls 600
Cyross calls 600
*** FLOP *** [As 4d 8h]
_OpahlawiN_1 checks
manggy94 bets 1375
Cyross folds
_OpahlawiN_1 folds
manggy94 collected 4125 from pot
*** SUMMARY ***
Total pot 4125 | No rake
Board: [As 4d 8h]
Seat 1: manggy94 won 4125


Winamax Poker - Tournament "POUR LA DARONNE" buyIn: 4.50€ + 0.50€ level: 2 - HandId: #1667016368244916668-21-1600628517 - Holdem no limit (30/125/250) - 2020/09/20 19:01:57 UTC
Table: 'POUR LA DARONNE(388132494)#0443' 6-max (real money) Seat #4 is the button
Seat 1: manggy94 (31726)
Seat 2: Cyross (16117)
Seat 3: 50CentPatate (21108)
Seat 4: _OpahlawiN_1 (18734)
Seat 5: BUSSHANSENN (21855)
Seat 6: tonyo72150 (32448)
*** ANTE/BLINDS ***
BUSSHANSENN posts ante 30
tonyo72150 posts ante 30
manggy94 posts ante 30
Cyross posts ante 30
50CentPatate posts ante 30
_OpahlawiN_1 posts ante 30
BUSSHANSENN posts small blind 125
tonyo72150 posts big blind 250
Dealt to manggy94 [Th Tc]
*** PRE-FLOP *** 
manggy94 raises 750 to 1000
Cyross folds
50CentPatate folds
_OpahlawiN_1 folds
BUSSHANSENN folds
tonyo72150 folds
manggy94 collected 1555 from pot
*** SUMMARY ***
Total pot 1555 | No rake
Seat 1: manggy94 won 1555


Winamax Poker - Tournament "POUR LA DARONNE" buyIn: 4.50€ + 0.50€ level: 2 - HandId: #1667016368244916668-22-1600628566 - Holdem no limit (30/125/250) - 2020/09/20 19:02:46 UTC
Table: 'POUR LA DARONNE(388132494)#0443' 6-max (real money) Seat #5 is the button
Seat 1: manggy94 (32251)
Seat 2: Cyross (16087)
Seat 3: 50CentPatate (21078)
Seat 4: _OpahlawiN_1 (18704)
Seat 5: BUSSHANSENN (21700)
Seat 6: tonyo72150 (32168)
*** ANTE/BLINDS ***
tonyo72150 posts ante 30
manggy94 posts ante 30
Cyross posts ante 30
50CentPatate posts ante 30
_OpahlawiN_1 posts ante 30
BUSSHANSENN posts ante 30
tonyo72150 posts small blind 125
manggy94 posts big blind 250
Dealt to manggy94 [6d Ac]
*** PRE-FLOP *** 
Cyross raises 550 to 800
50CentPatate folds
_OpahlawiN_1 folds
BUSSHANSENN folds
tonyo72150 folds
manggy94 calls 550
*** FLOP *** [Jh 4s 6h]
manggy94 bets 625
Cyross calls 625
*** TURN *** [Jh 4s 6h][Ks]
manggy94 bets 1125
Cyross calls 1125
*** RIVER *** [Jh 4s 6h Ks][9d]
manggy94 bets 1000
Cyross raises 3000 to 4000
manggy94 calls 3000
*** SHOW DOWN ***
manggy94 shows [6d Ac] (One pair : 6)
Cyross shows [Js Jc] (Trips of Jacks)
Cyross collected 13405 from pot
*** SUMMARY ***
Total pot 13405 | No rake
Board: [Jh 4s 6h Ks 9d]
Seat 1: manggy94 (big blind) showed [6d Ac] and lost with One pair : 6
Seat 2: Cyross showed [Js Jc] and won 13405 with Trips of Jacks


Winamax Poker - Tournament "POUR LA DARONNE" buyIn: 4.50€ + 0.50€ level: 2 - HandId: #1667016368244916668-23-1600628644 - Holdem no limit (30/125/250) - 2020/09/20 19:04:04 UTC
Table: 'POUR LA DARONNE(388132494)#0443' 6-max (real money) Seat #6 is the button
Seat 1: manggy94 (25671)
Seat 2: Cyross (22912)
Seat 3: 50CentPatate (21048)
Seat 4: _OpahlawiN_1 (18674)
Seat 5: BUSSHANSENN (21670)
Seat 6: tonyo72150 (32013)
*** ANTE/BLINDS ***
manggy94 posts ante 30
Cyross posts ante 30
50CentPatate posts ante 30
_OpahlawiN_1 posts ante 30
BUSSHANSENN posts ante 30
tonyo72150 posts ante 30
manggy94 posts small blind 125
Cyross posts big blind 250
Dealt to manggy94 [Ac 9c]
*** PRE-FLOP *** 
50CentPatate folds
_OpahlawiN_1 folds
BUSSHANSENN raises 300 to 550
tonyo72150 folds
manggy94 calls 425
Cyross folds
*** FLOP *** [Qd Qs 8c]
manggy94 checks
BUSSHANSENN checks
*** TURN *** [Qd Qs 8c][Th]
manggy94 bets 765
BUSSHANSENN calls 765
*** RIVER *** [Qd Qs 8c Th][5d]
manggy94 checks
BUSSHANSENN checks
*** SHOW DOWN ***
manggy94 shows [Ac 9c] (One pair : Queens)
BUSSHANSENN shows [Jd Ah] (One pair : Queens)
BUSSHANSENN collected 3060 from pot
*** SUMMARY ***
Total pot 3060 | No rake
Board: [Qd Qs 8c Th 5d]
Seat 1: manggy94 (small blind) showed [Ac 9c] and lost with One pair : Queens
Seat 5: BUSSHANSENN showed [Jd Ah] and won 3060 with One pair : Queens


Winamax Poker - Tournament "POUR LA DARONNE" buyIn: 4.50€ + 0.50€ level: 2 - HandId: #1667016368244916668-24-1600628729 - Holdem no limit (30/125/250) - 2020/09/20 19:05:29 UTC
Table: 'POUR LA DARONNE(388132494)#0443' 6-max (real money) Seat #1 is the button
Seat 1: manggy94 (24326)
Seat 2: Cyross (22632)
Seat 3: 50CentPatate (21018)
Seat 4: _OpahlawiN_1 (18644)
Seat 5: BUSSHANSENN (23385)
Seat 6: tonyo72150 (31983)
*** ANTE/BLINDS ***
Cyross posts ante 30
50CentPatate posts ante 30
manggy94 posts ante 30
_OpahlawiN_1 posts ante 30
BUSSHANSENN posts ante 30
tonyo72150 posts ante 30
Cyross posts small blind 125
50CentPatate posts big blind 250
Dealt to manggy94 [Td Qd]
*** PRE-FLOP *** 
_OpahlawiN_1 folds
BUSSHANSENN folds
tonyo72150 folds
manggy94 raises 500 to 750
Cyross calls 625
50CentPatate folds
*** FLOP *** [Kd 4d 6c]
Cyross checks
manggy94 bets 1930
Cyross folds
manggy94 collected 3860 from pot
*** SUMMARY ***
Total pot 3860 | No rake
Board: [Kd 4d 6c]
Seat 1: manggy94 (button) won 3860


Winamax Poker - Tournament "POUR LA DARONNE" buyIn: 4.50€ + 0.50€ level: 2 - HandId: #1667016368244916668-25-1600628767 - Holdem no limit (30/125/250) - 2020/09/20 19:06:07 UTC
Table: 'POUR LA DARONNE(388132494)#0443' 6-max (real money) Seat #2 is the button
Seat 1: manggy94 (25476)
Seat 2: Cyross (21852)
Seat 3: 50CentPatate (20738)
Seat 4: _OpahlawiN_1 (18614)
Seat 5: BUSSHANSENN (23355)
Seat 6: tonyo72150 (31953)
*** ANTE/BLINDS ***
50CentPatate posts ante 30
_OpahlawiN_1 posts ante 30
manggy94 posts ante 30
Cyross posts ante 30
BUSSHANSENN posts ante 30
tonyo72150 posts ante 30
50CentPatate posts small blind 125
_OpahlawiN_1 posts big blind 250
Dealt to manggy94 [Qh 6d]
*** PRE-FLOP *** 
BUSSHANSENN folds
tonyo72150 folds
manggy94 folds
Cyross folds
50CentPatate folds
_OpahlawiN_1 collected 555 from pot
*** SUMMARY ***
Total pot 555 | No rake
Seat 4: _OpahlawiN_1 (big blind) won 555


Winamax Poker - Tournament "POUR LA DARONNE" buyIn: 4.50€ + 0.50€ level: 2 - HandId: #1667016368244916668-26-1600628775 - Holdem no limit (30/125/250) - 2020/09/20 19:06:15 UTC
Table: 'POUR LA DARONNE(388132494)#0443' 6-max (real money) Seat #3 is the button
Seat 1: manggy94 (25446)
Seat 2: Cyross (21822)
Seat 3: 50CentPatate (20583)
Seat 4: _OpahlawiN_1 (18889)
Seat 5: BUSSHANSENN (23325)
Seat 6: tonyo72150 (31923)
*** ANTE/BLINDS ***
_OpahlawiN_1 posts ante 30
BUSSHANSENN posts ante 30
manggy94 posts ante 30
Cyross posts ante 30
50CentPatate posts ante 30
tonyo72150 posts ante 30
_OpahlawiN_1 posts small blind 125
BUSSHANSENN posts big blind 250
Dealt to manggy94 [Jd 3s]
*** PRE-FLOP *** 
tonyo72150 folds
manggy94 folds
Cyross raises 250 to 500
50CentPatate folds
_OpahlawiN_1 folds
BUSSHANSENN calls 250
*** FLOP *** [2c 9c 6c]
BUSSHANSENN checks
Cyross checks
*** TURN *** [2c 9c 6c][Td]
BUSSHANSENN checks
Cyross checks
*** RIVER *** [2c 9c 6c Td][7c]
BUSSHANSENN checks
Cyross checks
*** SHOW DOWN ***
Cyross shows [Qh Jh] (High card : Queen)
BUSSHANSENN shows [7s Kd] (One pair : 7)
BUSSHANSENN collected 1305 from pot
*** SUMMARY ***
Total pot 1305 | No rake
Board: [2c 9c 6c Td 7c]
Seat 2: Cyross showed [Qh Jh] and lost with High card : Queen
Seat 5: BUSSHANSENN (big blind) showed [7s Kd] and won 1305 with One pair : 7


Winamax Poker - Tournament "POUR LA DARONNE" buyIn: 4.50€ + 0.50€ level: 3 - HandId: #1667016368244916668-27-1600628828 - Holdem no limit (35/150/300) - 2020/09/20 19:07:08 UTC
Table: 'POUR LA DARONNE(388132494)#0443' 6-max (real money) Seat #4 is the button
Seat 1: manggy94 (25416)
Seat 2: Cyross (21292)
Seat 3: 50CentPatate (20553)
Seat 4: _OpahlawiN_1 (18734)
Seat 5: BUSSHANSENN (24100)
Seat 6: tonyo72150 (31893)
*** ANTE/BLINDS ***
BUSSHANSENN posts ante 35
tonyo72150 posts ante 35
manggy94 posts ante 35
Cyross posts ante 35
50CentPatate posts ante 35
_OpahlawiN_1 posts ante 35
BUSSHANSENN posts small blind 150
tonyo72150 posts big blind 300
Dealt to manggy94 [Ah 4s]
*** PRE-FLOP *** 
manggy94 calls 300
Cyross folds
50CentPatate folds
_OpahlawiN_1 folds
BUSSHANSENN folds
tonyo72150 checks
*** FLOP *** [2h Kh Qs]
tonyo72150 checks
manggy94 checks
*** TURN *** [2h Kh Qs][8s]
tonyo72150 bets 300
manggy94 calls 300
*** RIVER *** [2h Kh Qs 8s][3s]
tonyo72150 checks
manggy94 checks
*** SHOW DOWN ***
manggy94 shows [Ah 4s] (High card : Ace)
tonyo72150 shows [Qd 6d] (One pair : Queens)
tonyo72150 collected 1560 from pot
*** SUMMARY ***
Total pot 1560 | No rake
Board: [2h Kh Qs 8s 3s]
Seat 1: manggy94 showed [Ah 4s] and lost with High card : Ace
Seat 6: tonyo72150 (big blind) showed [Qd 6d] and won 1560 with One pair : Queens


Winamax Poker - Tournament "POUR LA DARONNE" buyIn: 4.50€ + 0.50€ level: 3 - HandId: #1667016368244916668-28-1600628885 - Holdem no limit (35/150/300) - 2020/09/20 19:08:05 UTC
Table: 'POUR LA DARONNE(388132494)#0443' 6-max (real money) Seat #5 is the button
Seat 1: manggy94 (24781)
Seat 2: Cyross (21257)
Seat 3: 50CentPatate (20518)
Seat 4: _OpahlawiN_1 (18699)
Seat 5: BUSSHANSENN (23915)
Seat 6: tonyo72150 (32818)
*** ANTE/BLINDS ***
tonyo72150 posts ante 35
manggy94 posts ante 35
Cyross posts ante 35
50CentPatate posts ante 35
_OpahlawiN_1 posts ante 35
BUSSHANSENN posts ante 35
tonyo72150 posts small blind 150
manggy94 posts big blind 300
Dealt to manggy94 [4s 6h]
*** PRE-FLOP *** 
Cyross folds
50CentPatate folds
_OpahlawiN_1 raises 393 to 693
BUSSHANSENN folds
tonyo72150 folds
manggy94 folds
_OpahlawiN_1 collected 1353 from pot
*** SUMMARY ***
Total pot 1353 | No rake
Seat 4: _OpahlawiN_1 won 1353


Winamax Poker - Tournament "POUR LA DARONNE" buyIn: 4.50€ + 0.50€ level: 3 - HandId: #1667016368244916668-29-1600628921 - Holdem no limit (35/150/300) - 2020/09/20 19:08:41 UTC
Table: 'POUR LA DARONNE(388132494)#0443' 6-max (real money) Seat #6 is the button
Seat 1: manggy94 (24446)
Seat 2: Cyross (21222)
Seat 3: 50CentPatate (20483)
Seat 4: _OpahlawiN_1 (19324)
Seat 5: BUSSHANSENN (23880)
Seat 6: tonyo72150 (32633)
*** ANTE/BLINDS ***
manggy94 posts ante 35
Cyross posts ante 35
50CentPatate posts ante 35
_OpahlawiN_1 posts ante 35
BUSSHANSENN posts ante 35
tonyo72150 posts ante 35
manggy94 posts small blind 150
Cyross posts big blind 300
Dealt to manggy94 [Th Qh]
*** PRE-FLOP *** 
50CentPatate folds
_OpahlawiN_1 folds
BUSSHANSENN folds
tonyo72150 raises 300 to 600
manggy94 calls 450
Cyross calls 300
*** FLOP *** [5h Js 8s]
manggy94 checks
Cyross bets 1000
tonyo72150 folds
manggy94 folds
Cyross collected 3010 from pot
*** SUMMARY ***
Total pot 3010 | No rake
Board: [5h Js 8s]
Seat 2: Cyross (big blind) won 3010


Winamax Poker - Tournament "POUR LA DARONNE" buyIn: 4.50€ + 0.50€ level: 3 - HandId: #1667016368244916668-30-1600628978 - Holdem no limit (35/150/300) - 2020/09/20 19:09:38 UTC
Table: 'POUR LA DARONNE(388132494)#0443' 6-max (real money) Seat #1 is the button
Seat 1: manggy94 (23811)
Seat 2: Cyross (22597)
Seat 3: 50CentPatate (20448)
Seat 4: _OpahlawiN_1 (19289)
Seat 5: BUSSHANSENN (23845)
Seat 6: tonyo72150 (31998)
*** ANTE/BLINDS ***
Cyross posts ante 35
50CentPatate posts ante 35
manggy94 posts ante 35
_OpahlawiN_1 posts ante 35
BUSSHANSENN posts ante 35
tonyo72150 posts ante 35
Cyross posts small blind 150
50CentPatate posts big blind 300
Dealt to manggy94 [Kd 6c]
*** PRE-FLOP *** 
_OpahlawiN_1 raises 393 to 693
BUSSHANSENN calls 693
tonyo72150 folds
manggy94 folds
Cyross calls 543
50CentPatate calls 393
*** FLOP *** [8c 2h Qs]
Cyross checks
50CentPatate checks
_OpahlawiN_1 bets 1103
BUSSHANSENN folds
Cyross folds
50CentPatate calls 1103
*** TURN *** [8c 2h Qs][9c]
50CentPatate checks
_OpahlawiN_1 bets 3528
50CentPatate folds
_OpahlawiN_1 collected 8716 from pot
*** SUMMARY ***
Total pot 8716 | No rake
Board: [8c 2h Qs 9c]
Seat 4: _OpahlawiN_1 won 8716


Winamax Poker - Tournament "POUR LA DARONNE" buyIn: 4.50€ + 0.50€ level: 3 - HandId: #1667016368244916668-31-1600629036 - Holdem no limit (35/150/300) - 2020/09/20 19:10:36 UTC
Table: 'POUR LA DARONNE(388132494)#0443' 6-max (real money) Seat #2 is the button
Seat 1: manggy94 (23776)
Seat 2: Cyross (21869)
Seat 3: 50CentPatate (18617)
Seat 4: _OpahlawiN_1 (22646)
Seat 5: BUSSHANSENN (23117)
Seat 6: tonyo72150 (31963)
*** ANTE/BLINDS ***
50CentPatate posts ante 35
_OpahlawiN_1 posts ante 35
manggy94 posts ante 35
Cyross posts ante 35
BUSSHANSENN posts ante 35
tonyo72150 posts ante 35
50CentPatate posts small blind 150
_OpahlawiN_1 posts big blind 300
Dealt to manggy94 [Ts 4s]
*** PRE-FLOP *** 
BUSSHANSENN folds
tonyo72150 folds
manggy94 folds
Cyross folds
50CentPatate calls 150
_OpahlawiN_1 checks
*** FLOP *** [Qs 9s 6s]
50CentPatate checks
_OpahlawiN_1 bets 551
50CentPatate folds
_OpahlawiN_1 collected 1361 from pot
*** SUMMARY ***
Total pot 1361 | No rake
Board: [Qs 9s 6s]
Seat 4: _OpahlawiN_1 (big blind) won 1361


Winamax Poker - Tournament "POUR LA DARONNE" buyIn: 4.50€ + 0.50€ level: 3 - HandId: #1667016368244916668-32-1600629072 - Holdem no limit (35/150/300) - 2020/09/20 19:11:12 UTC
Table: 'POUR LA DARONNE(388132494)#0443' 6-max (real money) Seat #3 is the button
Seat 1: manggy94 (23741)
Seat 2: Cyross (21834)
Seat 3: 50CentPatate (18282)
Seat 4: _OpahlawiN_1 (23121)
Seat 5: BUSSHANSENN (23082)
Seat 6: tonyo72150 (31928)
*** ANTE/BLINDS ***
_OpahlawiN_1 posts ante 35
BUSSHANSENN posts ante 35
manggy94 posts ante 35
Cyross posts ante 35
50CentPatate posts ante 35
tonyo72150 posts ante 35
_OpahlawiN_1 posts small blind 150
BUSSHANSENN posts big blind 300
Dealt to manggy94 [Jd 4s]
*** PRE-FLOP *** 
tonyo72150 folds
manggy94 folds
Cyross folds
50CentPatate folds
_OpahlawiN_1 raises 732 to 1032
BUSSHANSENN folds
_OpahlawiN_1 collected 1542 from pot
*** SUMMARY ***
Total pot 1542 | No rake
Seat 4: _OpahlawiN_1 (small blind) won 1542


Winamax Poker - Tournament "POUR LA DARONNE" buyIn: 4.50€ + 0.50€ level: 4 - HandId: #1667016368244916668-33-1600629086 - Holdem no limit (40/175/350) - 2020/09/20 19:11:26 UTC
Table: 'POUR LA DARONNE(388132494)#0443' 6-max (real money) Seat #4 is the button
Seat 1: manggy94 (23706)
Seat 2: Cyross (21799)
Seat 3: 50CentPatate (18247)
Seat 4: _OpahlawiN_1 (23596)
Seat 5: BUSSHANSENN (22747)
Seat 6: tonyo72150 (31893)
*** ANTE/BLINDS ***
BUSSHANSENN posts ante 40
tonyo72150 posts ante 40
manggy94 posts ante 40
Cyross posts ante 40
50CentPatate posts ante 40
_OpahlawiN_1 posts ante 40
BUSSHANSENN posts small blind 175
tonyo72150 posts big blind 350
Dealt to manggy94 [8c Ah]
*** PRE-FLOP *** 
manggy94 raises 350 to 700
Cyross folds
50CentPatate folds
_OpahlawiN_1 folds
BUSSHANSENN folds
tonyo72150 calls 350
*** FLOP *** [Qh Ac As]
tonyo72150 checks
manggy94 bets 350
tonyo72150 folds
manggy94 collected 2165 from pot
*** SUMMARY ***
Total pot 2165 | No rake
Board: [Qh Ac As]
Seat 1: manggy94 won 2165


Winamax Poker - Tournament "POUR LA DARONNE" buyIn: 4.50€ + 0.50€ level: 4 - HandId: #1667016368244916668-34-1600629120 - Holdem no limit (40/175/350) - 2020/09/20 19:12:00 UTC
Table: 'POUR LA DARONNE(388132494)#0443' 6-max (real money) Seat #5 is the button
Seat 1: manggy94 (24781)
Seat 2: Cyross (21759)
Seat 3: 50CentPatate (18207)
Seat 4: _OpahlawiN_1 (23556)
Seat 5: BUSSHANSENN (22532)
Seat 6: tonyo72150 (31153)
*** ANTE/BLINDS ***
tonyo72150 posts ante 40
manggy94 posts ante 40
Cyross posts ante 40
50CentPatate posts ante 40
_OpahlawiN_1 posts ante 40
BUSSHANSENN posts ante 40
tonyo72150 posts small blind 175
manggy94 posts big blind 350
Dealt to manggy94 [8c Kh]
*** PRE-FLOP *** 
Cyross calls 350
50CentPatate folds
_OpahlawiN_1 folds
BUSSHANSENN folds
tonyo72150 calls 175
manggy94 checks
*** FLOP *** [6h 7d Jh]
tonyo72150 checks
manggy94 checks
Cyross checks
*** TURN *** [6h 7d Jh][Js]
tonyo72150 bets 700
manggy94 folds
Cyross calls 700
*** RIVER *** [6h 7d Jh Js][9s]
tonyo72150 checks
Cyross checks
*** SHOW DOWN ***
Cyross shows [9h Tc] (Two pairs : Jacks and 9)
tonyo72150 shows [Ah Jc] (Trips of Jacks)
tonyo72150 collected 2690 from pot
*** SUMMARY ***
Total pot 2690 | No rake
Board: [6h 7d Jh Js 9s]
Seat 2: Cyross showed [9h Tc] and lost with Two pairs : Jacks and 9
Seat 6: tonyo72150 (small blind) showed [Ah Jc] and won 2690 with Trips of Jacks


Winamax Poker - Tournament "POUR LA DARONNE" buyIn: 4.50€ + 0.50€ level: 4 - HandId: #1667016368244916668-35-1600629164 - Holdem no limit (40/175/350) - 2020/09/20 19:12:44 UTC
Table: 'POUR LA DARONNE(388132494)#0443' 6-max (real money) Seat #6 is the button
Seat 1: manggy94 (24391)
Seat 2: Cyross (20669)
Seat 3: 50CentPatate (18167)
Seat 4: _OpahlawiN_1 (23516)
Seat 5: BUSSHANSENN (22492)
Seat 6: tonyo72150 (32753)
*** ANTE/BLINDS ***
manggy94 posts ante 40
Cyross posts ante 40
50CentPatate posts ante 40
_OpahlawiN_1 posts ante 40
BUSSHANSENN posts ante 40
tonyo72150 posts ante 40
manggy94 posts small blind 175
Cyross posts big blind 350
Dealt to manggy94 [5h Js]
*** PRE-FLOP *** 
50CentPatate folds
_OpahlawiN_1 raises 459 to 809
BUSSHANSENN folds
tonyo72150 folds
manggy94 folds
Cyross folds
_OpahlawiN_1 collected 1574 from pot
*** SUMMARY ***
Total pot 1574 | No rake
Seat 4: _OpahlawiN_1 won 1574


Winamax Poker - Tournament "POUR LA DARONNE" buyIn: 4.50€ + 0.50€ level: 4 - HandId: #1667016368244916668-36-1600629200 - Holdem no limit (40/175/350) - 2020/09/20 19:13:20 UTC
Table: 'POUR LA DARONNE(388132494)#0443' 6-max (real money) Seat #1 is the button
Seat 1: manggy94 (24176)
Seat 2: Cyross (20279)
Seat 3: 50CentPatate (18127)
Seat 4: _OpahlawiN_1 (24241)
Seat 5: BUSSHANSENN (22452)
Seat 6: tonyo72150 (32713)
*** ANTE/BLINDS ***
Cyross posts ante 40
50CentPatate posts ante 40
manggy94 posts ante 40
_OpahlawiN_1 posts ante 40
BUSSHANSENN posts ante 40
tonyo72150 posts ante 40
Cyross posts small blind 175
50CentPatate posts big blind 350
Dealt to manggy94 [Td 8c]
*** PRE-FLOP *** 
_OpahlawiN_1 folds
BUSSHANSENN folds
tonyo72150 folds
manggy94 raises 700 to 1050
Cyross folds
50CentPatate folds
manggy94 collected 1815 from pot
*** SUMMARY ***
Total pot 1815 | No rake
Seat 1: manggy94 (button) won 1815


Winamax Poker - Tournament "POUR LA DARONNE" buyIn: 4.50€ + 0.50€ level: 4 - HandId: #1667016368244916668-37-1600629224 - Holdem no limit (40/175/350) - 2020/09/20 19:13:44 UTC
Table: 'POUR LA DARONNE(388132494)#0443' 6-max (real money) Seat #2 is the button
Seat 1: manggy94 (24901)
Seat 2: Cyross (20064)
Seat 3: 50CentPatate (17737)
Seat 4: _OpahlawiN_1 (24201)
Seat 5: BUSSHANSENN (22412)
Seat 6: tonyo72150 (32673)
*** ANTE/BLINDS ***
50CentPatate posts ante 40
_OpahlawiN_1 posts ante 40
manggy94 posts ante 40
Cyross posts ante 40
BUSSHANSENN posts ante 40
tonyo72150 posts ante 40
50CentPatate posts small blind 175
_OpahlawiN_1 posts big blind 350
Dealt to manggy94 [7d 2c]
*** PRE-FLOP *** 
BUSSHANSENN folds
tonyo72150 raises 420 to 770
manggy94 folds
Cyross calls 770
50CentPatate folds
_OpahlawiN_1 folds
*** FLOP *** [Js As Qs]
tonyo72150 bets 700
Cyross calls 700
*** TURN *** [Js As Qs][Ts]
tonyo72150 bets 1225
Cyross calls 1225
*** RIVER *** [Js As Qs Ts][8h]
tonyo72150 checks
Cyross checks
*** SHOW DOWN ***
tonyo72150 shows [Tc Ad] (Two pairs : Aces and Tens)
Cyross shows [Ac 9d] (Straight Queen high)
Cyross collected 6155 from pot
*** SUMMARY ***
Total pot 6155 | No rake
Board: [Js As Qs Ts 8h]
Seat 2: Cyross (button) showed [Ac 9d] and won 6155 with Straight Queen high
Seat 6: tonyo72150 showed [Tc Ad] and lost with Two pairs : Aces and Tens


Winamax Poker - Tournament "POUR LA DARONNE" buyIn: 4.50€ + 0.50€ level: 4 - HandId: #1667016368244916668-38-1600629266 - Holdem no limit (40/175/350) - 2020/09/20 19:14:26 UTC
Table: 'POUR LA DARONNE(388132494)#0443' 6-max (real money) Seat #3 is the button
Seat 1: manggy94 (24861)
Seat 2: Cyross (23484)
Seat 3: 50CentPatate (17522)
Seat 4: _OpahlawiN_1 (23811)
Seat 5: BUSSHANSENN (22372)
Seat 6: tonyo72150 (29938)
*** ANTE/BLINDS ***
_OpahlawiN_1 posts ante 40
BUSSHANSENN posts ante 40
manggy94 posts ante 40
Cyross posts ante 40
50CentPatate posts ante 40
tonyo72150 posts ante 40
_OpahlawiN_1 posts small blind 175
BUSSHANSENN posts big blind 350
Dealt to manggy94 [4c Kh]
*** PRE-FLOP *** 
tonyo72150 folds
manggy94 folds
Cyross folds
50CentPatate raises 350 to 700
_OpahlawiN_1 folds
BUSSHANSENN calls 350
*** FLOP *** [Tc 7h 7s]
BUSSHANSENN checks
50CentPatate bets 1050
BUSSHANSENN folds
50CentPatate collected 2865 from pot
*** SUMMARY ***
Total pot 2865 | No rake
Board: [Tc 7h 7s]
Seat 3: 50CentPatate (button) won 2865


Winamax Poker - Tournament "POUR LA DARONNE" buyIn: 4.50€ + 0.50€ level: 4 - HandId: #1667016368244916668-39-1600629330 - Holdem no limit (40/175/350) - 2020/09/20 19:15:30 UTC
Table: 'POUR LA DARONNE(388132494)#0443' 6-max (real money) Seat #4 is the button
Seat 1: manggy94 (24821)
Seat 2: Cyross (23444)
Seat 3: 50CentPatate (18597)
Seat 4: _OpahlawiN_1 (23596)
Seat 5: BUSSHANSENN (21632)
Seat 6: tonyo72150 (29898)
*** ANTE/BLINDS ***
BUSSHANSENN posts ante 40
tonyo72150 posts ante 40
manggy94 posts ante 40
Cyross posts ante 40
50CentPatate posts ante 40
_OpahlawiN_1 posts ante 40
BUSSHANSENN posts small blind 175
tonyo72150 posts big blind 350
Dealt to manggy94 [3s 7d]
*** PRE-FLOP *** 
manggy94 folds
Cyross folds
50CentPatate folds
_OpahlawiN_1 folds
BUSSHANSENN folds
tonyo72150 collected 765 from pot
*** SUMMARY ***
Total pot 765 | No rake
Seat 6: tonyo72150 (big blind) won 765


Winamax Poker - Tournament "POUR LA DARONNE" buyIn: 4.50€ + 0.50€ level: 4 - HandId: #1667016368244916668-40-1600629347 - Holdem no limit (40/175/350) - 2020/09/20 19:15:47 UTC
Table: 'POUR LA DARONNE(388132494)#0443' 6-max (real money) Seat #5 is the button
Seat 1: manggy94 (24781)
Seat 2: Cyross (23404)
Seat 3: 50CentPatate (18557)
Seat 4: _OpahlawiN_1 (23556)
Seat 5: BUSSHANSENN (21417)
Seat 6: tonyo72150 (30273)
*** ANTE/BLINDS ***
tonyo72150 posts ante 40
manggy94 posts ante 40
Cyross posts ante 40
50CentPatate posts ante 40
_OpahlawiN_1 posts ante 40
BUSSHANSENN posts ante 40
tonyo72150 posts small blind 175
manggy94 posts big blind 350
Dealt to manggy94 [4s 8s]
*** PRE-FLOP *** 
Cyross folds
50CentPatate folds
_OpahlawiN_1 folds
BUSSHANSENN folds
tonyo72150 folds
manggy94 collected 765 from pot
*** SUMMARY ***
Total pot 765 | No rake
Seat 1: manggy94 (big blind) won 765


Winamax Poker - Tournament "POUR LA DARONNE" buyIn: 4.50€ + 0.50€ level: 4 - HandId: #1667016368244916668-41-1600629366 - Holdem no limit (40/175/350) - 2020/09/20 19:16:06 UTC
Table: 'POUR LA DARONNE(388132494)#0443' 6-max (real money) Seat #6 is the button
Seat 1: manggy94 (25156)
Seat 2: Cyross (23364)
Seat 3: 50CentPatate (18517)
Seat 4: _OpahlawiN_1 (23516)
Seat 5: BUSSHANSENN (21377)
Seat 6: tonyo72150 (30058)
*** ANTE/BLINDS ***
manggy94 posts ante 40
Cyross posts ante 40
50CentPatate posts ante 40
_OpahlawiN_1 posts ante 40
BUSSHANSENN posts ante 40
tonyo72150 posts ante 40
manggy94 posts small blind 175
Cyross posts big blind 350
Dealt to manggy94 [Kd 9c]
*** PRE-FLOP *** 
50CentPatate raises 525 to 875
_OpahlawiN_1 folds
BUSSHANSENN folds
tonyo72150 folds
manggy94 folds
Cyross calls 525
*** FLOP *** [8s 8h 4d]
Cyross checks
50CentPatate bets 650
Cyross folds
50CentPatate collected 2815 from pot
*** SUMMARY ***
Total pot 2815 | No rake
Board: [8s 8h 4d]
Seat 3: 50CentPatate won 2815


Winamax Poker - Tournament "POUR LA DARONNE" buyIn: 4.50€ + 0.50€ level: 5 - HandId: #1667016368244916668-42-1600629397 - Holdem no limit (50/200/400) - 2020/09/20 19:16:37 UTC
Table: 'POUR LA DARONNE(388132494)#0443' 6-max (real money) Seat #1 is the button
Seat 1: manggy94 (24941)
Seat 2: Cyross (22449)
Seat 3: 50CentPatate (19767)
Seat 4: _OpahlawiN_1 (23476)
Seat 5: BUSSHANSENN (21337)
Seat 6: tonyo72150 (30018)
*** ANTE/BLINDS ***
Cyross posts ante 50
50CentPatate posts ante 50
manggy94 posts ante 50
_OpahlawiN_1 posts ante 50
BUSSHANSENN posts ante 50
tonyo72150 posts ante 50
Cyross posts small blind 200
50CentPatate posts big blind 400
Dealt to manggy94 [3h 4s]
*** PRE-FLOP *** 
_OpahlawiN_1 folds
BUSSHANSENN raises 480 to 880
tonyo72150 folds
manggy94 folds
Cyross folds
50CentPatate folds
BUSSHANSENN collected 1780 from pot
*** SUMMARY ***
Total pot 1780 | No rake
Seat 5: BUSSHANSENN won 1780


Winamax Poker - Tournament "POUR LA DARONNE" buyIn: 4.50€ + 0.50€ level: 5 - HandId: #1667016368244916668-43-1600629416 - Holdem no limit (50/200/400) - 2020/09/20 19:16:56 UTC
Table: 'POUR LA DARONNE(388132494)#0443' 6-max (real money) Seat #2 is the button
Seat 1: manggy94 (24891)
Seat 2: Cyross (22199)
Seat 3: 50CentPatate (19317)
Seat 4: _OpahlawiN_1 (23426)
Seat 5: BUSSHANSENN (22187)
Seat 6: tonyo72150 (29968)
*** ANTE/BLINDS ***
50CentPatate posts ante 50
_OpahlawiN_1 posts ante 50
manggy94 posts ante 50
Cyross posts ante 50
BUSSHANSENN posts ante 50
tonyo72150 posts ante 50
50CentPatate posts small blind 200
_OpahlawiN_1 posts big blind 400
Dealt to manggy94 [As 3h]
*** PRE-FLOP *** 
BUSSHANSENN folds
tonyo72150 folds
manggy94 raises 400 to 800
Cyross folds
50CentPatate folds
_OpahlawiN_1 calls 400
*** FLOP *** [4c Kd 9s]
_OpahlawiN_1 checks
manggy94 bets 1050
_OpahlawiN_1 folds
manggy94 collected 3150 from pot
*** SUMMARY ***
Total pot 3150 | No rake
Board: [4c Kd 9s]
Seat 1: manggy94 won 3150


Winamax Poker - Tournament "POUR LA DARONNE" buyIn: 4.50€ + 0.50€ level: 5 - HandId: #1667016368244916668-44-1600629442 - Holdem no limit (50/200/400) - 2020/09/20 19:17:22 UTC
Table: 'POUR LA DARONNE(388132494)#0443' 6-max (real money) Seat #3 is the button
Seat 1: manggy94 (26141)
Seat 2: Cyross (22149)
Seat 3: 50CentPatate (19067)
Seat 4: _OpahlawiN_1 (22576)
Seat 5: BUSSHANSENN (22137)
Seat 6: tonyo72150 (29918)
*** ANTE/BLINDS ***
_OpahlawiN_1 posts ante 50
BUSSHANSENN posts ante 50
manggy94 posts ante 50
Cyross posts ante 50
50CentPatate posts ante 50
tonyo72150 posts ante 50
_OpahlawiN_1 posts small blind 200
BUSSHANSENN posts big blind 400
Dealt to manggy94 [Kd 3c]
*** PRE-FLOP *** 
tonyo72150 folds
manggy94 folds
Cyross folds
50CentPatate raises 600 to 1000
_OpahlawiN_1 calls 800
BUSSHANSENN calls 600
*** FLOP *** [Ks 2h 6d]
_OpahlawiN_1 checks
BUSSHANSENN checks
50CentPatate bets 990
_OpahlawiN_1 folds
BUSSHANSENN folds
50CentPatate collected 4290 from pot
*** SUMMARY ***
Total pot 4290 | No rake
Board: [Ks 2h 6d]
Seat 3: 50CentPatate (button) won 4290


Winamax Poker - Tournament "POUR LA DARONNE" buyIn: 4.50€ + 0.50€ level: 5 - HandId: #1667016368244916668-45-1600629525 - Holdem no limit (50/200/400) - 2020/09/20 19:18:45 UTC
Table: 'POUR LA DARONNE(388132494)#0443' 6-max (real money) Seat #4 is the button
Seat 1: manggy94 (26091)
Seat 2: Cyross (22099)
Seat 3: 50CentPatate (21317)
Seat 4: _OpahlawiN_1 (21526)
Seat 5: BUSSHANSENN (21087)
Seat 6: tonyo72150 (29868)
*** ANTE/BLINDS ***
BUSSHANSENN posts ante 50
tonyo72150 posts ante 50
manggy94 posts ante 50
Cyross posts ante 50
50CentPatate posts ante 50
_OpahlawiN_1 posts ante 50
BUSSHANSENN posts small blind 200
tonyo72150 posts big blind 400
Dealt to manggy94 [6d Jh]
*** PRE-FLOP *** 
manggy94 folds
Cyross calls 400
50CentPatate folds
_OpahlawiN_1 folds
BUSSHANSENN folds
tonyo72150 checks
*** FLOP *** [3c Ac 9h]
tonyo72150 checks
Cyross bets 800
tonyo72150 folds
Cyross collected 2100 from pot
*** SUMMARY ***
Total pot 2100 | No rake
Board: [3c Ac 9h]
Seat 2: Cyross won 2100


Winamax Poker - Tournament "POUR LA DARONNE" buyIn: 4.50€ + 0.50€ level: 5 - HandId: #1667016368244916668-46-1600629563 - Holdem no limit (50/200/400) - 2020/09/20 19:19:23 UTC
Table: 'POUR LA DARONNE(388132494)#0443' 6-max (real money) Seat #5 is the button
Seat 1: manggy94 (26041)
Seat 2: Cyross (22949)
Seat 3: 50CentPatate (21267)
Seat 4: _OpahlawiN_1 (21476)
Seat 5: BUSSHANSENN (20837)
Seat 6: tonyo72150 (29418)
*** ANTE/BLINDS ***
tonyo72150 posts ante 50
manggy94 posts ante 50
Cyross posts ante 50
50CentPatate posts ante 50
_OpahlawiN_1 posts ante 50
BUSSHANSENN posts ante 50
tonyo72150 posts small blind 200
manggy94 posts big blind 400
Dealt to manggy94 [Ac Th]
*** PRE-FLOP *** 
Cyross raises 400 to 800
50CentPatate folds
_OpahlawiN_1 folds
BUSSHANSENN folds
tonyo72150 folds
manggy94 calls 400
*** FLOP *** [Qs Jd Tc]
manggy94 checks
Cyross bets 800
manggy94 raises 1450 to 2250
Cyross calls 1450
*** TURN *** [Qs Jd Tc][8c]
manggy94 checks
Cyross checks
*** RIVER *** [Qs Jd Tc 8c][2c]
manggy94 checks
Cyross checks
*** SHOW DOWN ***
manggy94 shows [Ac Th] (One pair : Tens)
Cyross shows [As Ts] (One pair : Tens)
Cyross collected 3300 from pot
manggy94 collected 3300 from pot
*** SUMMARY ***
Total pot 6600 | No rake
Board: [Qs Jd Tc 8c 2c]
Seat 1: manggy94 (big blind) showed [Ac Th] and won 3300 with One pair : Tens
Seat 2: Cyross showed [As Ts] and won 3300 with One pair : Tens


Winamax Poker - Tournament "POUR LA DARONNE" buyIn: 4.50€ + 0.50€ level: 5 - HandId: #1667016368244916668-47-1600629616 - Holdem no limit (50/200/400) - 2020/09/20 19:20:16 UTC
Table: 'POUR LA DARONNE(388132494)#0443' 6-max (real money) Seat #6 is the button
Seat 1: manggy94 (26241)
Seat 2: Cyross (23149)
Seat 3: 50CentPatate (21217)
Seat 4: _OpahlawiN_1 (21426)
Seat 5: BUSSHANSENN (20787)
Seat 6: tonyo72150 (29168)
*** ANTE/BLINDS ***
manggy94 posts ante 50
Cyross posts ante 50
50CentPatate posts ante 50
_OpahlawiN_1 posts ante 50
BUSSHANSENN posts ante 50
tonyo72150 posts ante 50
manggy94 posts small blind 200
Cyross posts big blind 400
Dealt to manggy94 [6c Ac]
*** PRE-FLOP *** 
50CentPatate folds
_OpahlawiN_1 folds
BUSSHANSENN folds
tonyo72150 raises 400 to 800
manggy94 calls 600
Cyross calls 400
*** FLOP *** [Jh Tc Kd]
manggy94 checks
Cyross checks
tonyo72150 checks
*** TURN *** [Jh Tc Kd][Qs]
manggy94 checks
Cyross checks
tonyo72150 checks
*** RIVER *** [Jh Tc Kd Qs][2c]
manggy94 bets 1350
Cyross folds
tonyo72150 folds
manggy94 collected 4050 from pot
*** SUMMARY ***
Total pot 4050 | No rake
Board: [Jh Tc Kd Qs 2c]
Seat 1: manggy94 (small blind) won 4050


Winamax Poker - Tournament "POUR LA DARONNE" buyIn: 4.50€ + 0.50€ level: 5 - HandId: #1667016368244916668-48-1600629668 - Holdem no limit (50/200/400) - 2020/09/20 19:21:08 UTC
Table: 'POUR LA DARONNE(388132494)#0443' 6-max (real money) Seat #1 is the button
Seat 1: manggy94 (28091)
Seat 2: Cyross (22299)
Seat 3: 50CentPatate (21167)
Seat 4: _OpahlawiN_1 (21376)
Seat 5: BUSSHANSENN (20737)
Seat 6: tonyo72150 (28318)
*** ANTE/BLINDS ***
Cyross posts ante 50
50CentPatate posts ante 50
manggy94 posts ante 50
_OpahlawiN_1 posts ante 50
BUSSHANSENN posts ante 50
tonyo72150 posts ante 50
Cyross posts small blind 200
50CentPatate posts big blind 400
Dealt to manggy94 [5c 3c]
*** PRE-FLOP *** 
_OpahlawiN_1 folds
BUSSHANSENN raises 480 to 880
tonyo72150 calls 880
manggy94 folds
Cyross raises 21369 to 22249 and is all-in
50CentPatate folds
BUSSHANSENN folds
tonyo72150 folds
Cyross collected 24709 from pot
*** SUMMARY ***
Total pot 24709 | No rake
Seat 2: Cyross (small blind) won 24709


Winamax Poker - Tournament "POUR LA DARONNE" buyIn: 4.50€ + 0.50€ level: 6 - HandId: #1667016368244916668-49-1600629722 - Holdem no limit (60/250/500) - 2020/09/20 19:22:02 UTC
Table: 'POUR LA DARONNE(388132494)#0443' 6-max (real money) Seat #2 is the button
Seat 1: manggy94 (28041)
Seat 2: Cyross (24709)
Seat 3: 50CentPatate (20717)
Seat 4: _OpahlawiN_1 (21326)
Seat 5: BUSSHANSENN (19807)
Seat 6: tonyo72150 (27388)
*** ANTE/BLINDS ***
50CentPatate posts ante 60
_OpahlawiN_1 posts ante 60
manggy94 posts ante 60
Cyross posts ante 60
BUSSHANSENN posts ante 60
tonyo72150 posts ante 60
50CentPatate posts small blind 250
_OpahlawiN_1 posts big blind 500
Dealt to manggy94 [2h Qc]
*** PRE-FLOP *** 
BUSSHANSENN folds
tonyo72150 folds
manggy94 folds
Cyross raises 500 to 1000
50CentPatate calls 750
_OpahlawiN_1 calls 500
*** FLOP *** [Ah 5d Qd]
50CentPatate checks
_OpahlawiN_1 checks
Cyross bets 1000
50CentPatate calls 1000
_OpahlawiN_1 folds
*** TURN *** [Ah 5d Qd][5h]
50CentPatate bets 2250
Cyross calls 2250
*** RIVER *** [Ah 5d Qd 5h][7h]
50CentPatate checks
Cyross checks
*** SHOW DOWN ***
Cyross shows [8d As] (Two pairs : Aces and 5)
50CentPatate shows [Tc Ac] (Two pairs : Aces and 5)
50CentPatate collected 4930 from pot
Cyross collected 4930 from pot
*** SUMMARY ***
Total pot 9860 | No rake
Board: [Ah 5d Qd 5h 7h]
Seat 2: Cyross (button) showed [8d As] and won 4930 with Two pairs : Aces and 5
Seat 3: 50CentPatate (small blind) showed [Tc Ac] and won 4930 with Two pairs : Aces and 5


Winamax Poker - Tournament "POUR LA DARONNE" buyIn: 4.50€ + 0.50€ level: 6 - HandId: #1667016368244916668-50-1600629781 - Holdem no limit (60/250/500) - 2020/09/20 19:23:01 UTC
Table: 'POUR LA DARONNE(388132494)#0443' 6-max (real money) Seat #3 is the button
Seat 1: manggy94 (27981)
Seat 2: Cyross (25329)
Seat 3: 50CentPatate (21337)
Seat 4: _OpahlawiN_1 (20266)
Seat 5: BUSSHANSENN (19747)
Seat 6: tonyo72150 (27328)
*** ANTE/BLINDS ***
_OpahlawiN_1 posts ante 60
BUSSHANSENN posts ante 60
manggy94 posts ante 60
Cyross posts ante 60
50CentPatate posts ante 60
tonyo72150 posts ante 60
_OpahlawiN_1 posts small blind 250
BUSSHANSENN posts big blind 500
Dealt to manggy94 [9h Tc]
*** PRE-FLOP *** 
tonyo72150 raises 600 to 1100
manggy94 folds
Cyross folds
50CentPatate folds
_OpahlawiN_1 folds
BUSSHANSENN folds
tonyo72150 collected 2210 from pot
*** SUMMARY ***
Total pot 2210 | No rake
Seat 6: tonyo72150 won 2210


Winamax Poker - Tournament "POUR LA DARONNE" buyIn: 4.50€ + 0.50€ level: 6 - HandId: #1667016368244916668-51-1600629802 - Holdem no limit (60/250/500) - 2020/09/20 19:23:22 UTC
Table: 'POUR LA DARONNE(388132494)#0443' 6-max (real money) Seat #4 is the button
Seat 1: manggy94 (27921)
Seat 2: Cyross (25269)
Seat 3: 50CentPatate (21277)
Seat 4: _OpahlawiN_1 (19956)
Seat 5: BUSSHANSENN (19187)
Seat 6: tonyo72150 (28378)
*** ANTE/BLINDS ***
BUSSHANSENN posts ante 60
tonyo72150 posts ante 60
manggy94 posts ante 60
Cyross posts ante 60
50CentPatate posts ante 60
_OpahlawiN_1 posts ante 60
BUSSHANSENN posts small blind 250
tonyo72150 posts big blind 500
Dealt to manggy94 [3h Js]
*** PRE-FLOP *** 
manggy94 folds
Cyross folds
50CentPatate raises 500 to 1000
_OpahlawiN_1 raises 2750 to 3750
BUSSHANSENN folds
tonyo72150 folds
50CentPatate calls 2750
*** FLOP *** [7h Ts 9d]
50CentPatate checks
_OpahlawiN_1 bets 3186
50CentPatate calls 3186
*** TURN *** [7h Ts 9d][4c]
50CentPatate checks
_OpahlawiN_1 checks
*** RIVER *** [7h Ts 9d 4c][Kd]
50CentPatate checks
_OpahlawiN_1 bets 10188
50CentPatate folds
_OpahlawiN_1 collected 25170 from pot
*** SUMMARY ***
Total pot 25170 | No rake
Board: [7h Ts 9d 4c Kd]
Seat 4: _OpahlawiN_1 (button) won 25170


Winamax Poker - Tournament "POUR LA DARONNE" buyIn: 4.50€ + 0.50€ level: 6 - HandId: #1667016368244916668-52-1600629916 - Holdem no limit (60/250/500) - 2020/09/20 19:25:16 UTC
Table: 'POUR LA DARONNE(388132494)#0443' 6-max (real money) Seat #5 is the button
Seat 1: manggy94 (27861)
Seat 2: Cyross (25209)
Seat 3: 50CentPatate (14281)
Seat 4: _OpahlawiN_1 (27942)
Seat 5: BUSSHANSENN (18877)
Seat 6: tonyo72150 (27818)
*** ANTE/BLINDS ***
tonyo72150 posts ante 60
manggy94 posts ante 60
Cyross posts ante 60
50CentPatate posts ante 60
_OpahlawiN_1 posts ante 60
BUSSHANSENN posts ante 60
tonyo72150 posts small blind 250
manggy94 posts big blind 500
Dealt to manggy94 [6s 6d]
*** PRE-FLOP *** 
Cyross folds
50CentPatate folds
_OpahlawiN_1 raises 655 to 1155
BUSSHANSENN folds
tonyo72150 folds
manggy94 calls 655
*** FLOP *** [Qc 7s 9h]
manggy94 bets 1500
_OpahlawiN_1 calls 1500
*** TURN *** [Qc 7s 9h][8d]
manggy94 checks
_OpahlawiN_1 bets 2190
manggy94 calls 2190
*** RIVER *** [Qc 7s 9h 8d][5d]
manggy94 checks
_OpahlawiN_1 checks
*** SHOW DOWN ***
_OpahlawiN_1 shows [Ah Kc] (High card : Ace)
manggy94 shows [6s 6d] (Straight 9 high)
manggy94 collected 10300 from pot
*** SUMMARY ***
Total pot 10300 | No rake
Board: [Qc 7s 9h 8d 5d]
Seat 1: manggy94 (big blind) showed [6s 6d] and won 10300 with Straight 9 high
Seat 4: _OpahlawiN_1 showed [Ah Kc] and lost with High card : Ace


Winamax Poker - Tournament "POUR LA DARONNE" buyIn: 4.50€ + 0.50€ level: 7 - HandId: #1667016368244916668-53-1600629989 - Holdem no limit (70/300/600) - 2020/09/20 19:26:29 UTC
Table: 'POUR LA DARONNE(388132494)#0443' 6-max (real money) Seat #6 is the button
Seat 1: manggy94 (33256)
Seat 2: Cyross (25149)
Seat 3: 50CentPatate (14221)
Seat 4: _OpahlawiN_1 (23037)
Seat 5: BUSSHANSENN (18817)
Seat 6: tonyo72150 (27508)
*** ANTE/BLINDS ***
manggy94 posts ante 70
Cyross posts ante 70
50CentPatate posts ante 70
_OpahlawiN_1 posts ante 70
BUSSHANSENN posts ante 70
tonyo72150 posts ante 70
manggy94 posts small blind 300
Cyross posts big blind 600
Dealt to manggy94 [6s As]
*** PRE-FLOP *** 
50CentPatate folds
_OpahlawiN_1 folds
BUSSHANSENN folds
tonyo72150 raises 720 to 1320
manggy94 calls 1020
Cyross folds
*** FLOP *** [Kd 7h 3d]
manggy94 checks
tonyo72150 checks
*** TURN *** [Kd 7h 3d][8d]
manggy94 bets 1830
tonyo72150 folds
manggy94 collected 5490 from pot
*** SUMMARY ***
Total pot 5490 | No rake
Board: [Kd 7h 3d 8d]
Seat 1: manggy94 (small blind) won 5490


Winamax Poker - Tournament "POUR LA DARONNE" buyIn: 4.50€ + 0.50€ level: 7 - HandId: #1667016368244916668-54-1600630063 - Holdem no limit (70/300/600) - 2020/09/20 19:27:43 UTC
Table: 'POUR LA DARONNE(388132494)#0443' 6-max (real money) Seat #1 is the button
Seat 1: manggy94 (35526)
Seat 2: Cyross (24479)
Seat 3: 50CentPatate (14151)
Seat 4: _OpahlawiN_1 (22967)
Seat 5: BUSSHANSENN (18747)
Seat 6: tonyo72150 (26118)
*** ANTE/BLINDS ***
Cyross posts ante 70
50CentPatate posts ante 70
manggy94 posts ante 70
_OpahlawiN_1 posts ante 70
BUSSHANSENN posts ante 70
tonyo72150 posts ante 70
Cyross posts small blind 300
50CentPatate posts big blind 600
Dealt to manggy94 [9c 3c]
*** PRE-FLOP *** 
_OpahlawiN_1 folds
BUSSHANSENN folds
tonyo72150 folds
manggy94 folds
Cyross folds
50CentPatate collected 1320 from pot
*** SUMMARY ***
Total pot 1320 | No rake
Seat 3: 50CentPatate (big blind) won 1320


Winamax Poker - Tournament "POUR LA DARONNE" buyIn: 4.50€ + 0.50€ level: 7 - HandId: #1667016368244916668-55-1600630091 - Holdem no limit (70/300/600) - 2020/09/20 19:28:11 UTC
Table: 'POUR LA DARONNE(388132494)#0443' 6-max (real money) Seat #2 is the button
Seat 1: manggy94 (35456)
Seat 2: Cyross (24109)
Seat 3: 50CentPatate (14801)
Seat 4: _OpahlawiN_1 (22897)
Seat 5: BUSSHANSENN (18677)
Seat 6: tonyo72150 (26048)
*** ANTE/BLINDS ***
50CentPatate posts ante 70
_OpahlawiN_1 posts ante 70
manggy94 posts ante 70
Cyross posts ante 70
BUSSHANSENN posts ante 70
tonyo72150 posts ante 70
50CentPatate posts small blind 300
_OpahlawiN_1 posts big blind 600
Dealt to manggy94 [Ts 4s]
*** PRE-FLOP *** 
BUSSHANSENN folds
tonyo72150 folds
manggy94 folds
Cyross folds
50CentPatate calls 300
_OpahlawiN_1 raises 22227 to 22827 and is all-in
50CentPatate calls 14131 and is all-in
*** FLOP *** [Qd Ac 7c]
*** TURN *** [Qd Ac 7c][7h]
*** RIVER *** [Qd Ac 7c 7h][Js]
*** SHOW DOWN ***
50CentPatate shows [Th Tc] (Two pairs : Tens and 7)
_OpahlawiN_1 shows [Qc As] (Two pairs : Aces and Queens)
_OpahlawiN_1 collected 37978 from pot
*** SUMMARY ***
Total pot 37978 | No rake
Board: [Qd Ac 7c 7h Js]
Seat 3: 50CentPatate (small blind) showed [Th Tc] and lost with Two pairs : Tens and 7
Seat 4: _OpahlawiN_1 (big blind) showed [Qc As] and won 37978 with Two pairs : Aces and Queens


Winamax Poker - Tournament "POUR LA DARONNE" buyIn: 4.50€ + 0.50€ level: 7 - HandId: #1667016368244916668-56-1600630133 - Holdem no limit (70/300/600) - 2020/09/20 19:28:53 UTC
Table: 'POUR LA DARONNE(388132494)#0443' 6-max (real money) Seat #3 is the button
Seat 1: manggy94 (35386)
Seat 2: Cyross (24039)
Seat 4: _OpahlawiN_1 (37978)
Seat 5: BUSSHANSENN (18607)
Seat 6: tonyo72150 (25978)
*** ANTE/BLINDS ***
_OpahlawiN_1 posts ante 70
BUSSHANSENN posts ante 70
manggy94 posts ante 70
Cyross posts ante 70
tonyo72150 posts ante 70
_OpahlawiN_1 posts small blind 300
BUSSHANSENN posts big blind 600
Dealt to manggy94 [9h Td]
*** PRE-FLOP *** 
tonyo72150 raises 600 to 1200
manggy94 folds
Cyross folds
_OpahlawiN_1 folds
BUSSHANSENN calls 600
*** FLOP *** [Qd 7s 2s]
BUSSHANSENN checks
tonyo72150 bets 1200
BUSSHANSENN calls 1200
*** TURN *** [Qd 7s 2s][7c]
BUSSHANSENN checks
tonyo72150 bets 2100
BUSSHANSENN calls 2100
*** RIVER *** [Qd 7s 2s 7c][Kc]
BUSSHANSENN checks
tonyo72150 checks
*** SHOW DOWN ***
BUSSHANSENN shows [8h 8c] (Two pairs : 8 and 7)
tonyo72150 shows [Jh Qh] (Two pairs : Queens and 7)
tonyo72150 collected 9650 from pot
*** SUMMARY ***
Total pot 9650 | No rake
Board: [Qd 7s 2s 7c Kc]
Seat 5: BUSSHANSENN (big blind) showed [8h 8c] and lost with Two pairs : 8 and 7
Seat 6: tonyo72150 showed [Jh Qh] and won 9650 with Two pairs : Queens and 7


Winamax Poker - Tournament "POUR LA DARONNE" buyIn: 4.50€ + 0.50€ level: 7 - HandId: #1667016368244916668-57-1600630207 - Holdem no limit (70/300/600) - 2020/09/20 19:30:07 UTC
Table: 'POUR LA DARONNE(388132494)#0443' 6-max (real money) Seat #4 is the button
Seat 1: manggy94 (35316)
Seat 2: Cyross (23969)
Seat 3: remydu341 (20000)
Seat 4: _OpahlawiN_1 (37608)
Seat 5: BUSSHANSENN (14037)
Seat 6: tonyo72150 (31058)
*** ANTE/BLINDS ***
BUSSHANSENN posts ante 70
tonyo72150 posts ante 70
manggy94 posts ante 70
Cyross posts ante 70
remydu341 posts ante 70
_OpahlawiN_1 posts ante 70
BUSSHANSENN posts small blind 300
tonyo72150 posts big blind 600
Dealt to manggy94 [Th 8s]
*** PRE-FLOP *** 
manggy94 folds
Cyross calls 600
remydu341 folds
_OpahlawiN_1 folds
BUSSHANSENN folds
tonyo72150 raises 1800 to 2400
Cyross calls 1800
*** FLOP *** [5d 9c 9d]
tonyo72150 bets 2700
Cyross folds
tonyo72150 collected 8220 from pot
*** SUMMARY ***
Total pot 8220 | No rake
Board: [5d 9c 9d]
Seat 6: tonyo72150 (big blind) won 8220


Winamax Poker - Tournament "POUR LA DARONNE" buyIn: 4.50€ + 0.50€ level: 8 - HandId: #1667016368244916668-58-1600630285 - Holdem no limit (80/350/700) - 2020/09/20 19:31:25 UTC
Table: 'POUR LA DARONNE(388132494)#0443' 6-max (real money) Seat #5 is the button
Seat 1: manggy94 (35246)
Seat 2: Cyross (21499)
Seat 3: remydu341 (19930)
Seat 4: _OpahlawiN_1 (37538)
Seat 5: BUSSHANSENN (13667)
Seat 6: tonyo72150 (34108)
*** ANTE/BLINDS ***
tonyo72150 posts ante 80
manggy94 posts ante 80
Cyross posts ante 80
remydu341 posts ante 80
_OpahlawiN_1 posts ante 80
BUSSHANSENN posts ante 80
tonyo72150 posts small blind 350
manggy94 posts big blind 700
Dealt to manggy94 [9s 3d]
*** PRE-FLOP *** 
Cyross folds
remydu341 raises 1050 to 1750
_OpahlawiN_1 folds
BUSSHANSENN folds
tonyo72150 folds
manggy94 folds
remydu341 collected 3280 from pot
*** SUMMARY ***
Total pot 3280 | No rake
Seat 3: remydu341 won 3280


Winamax Poker - Tournament "POUR LA DARONNE" buyIn: 4.50€ + 0.50€ level: 8 - HandId: #1667016368244916668-59-1600630305 - Holdem no limit (80/350/700) - 2020/09/20 19:31:45 UTC
Table: 'POUR LA DARONNE(388132494)#0443' 6-max (real money) Seat #6 is the button
Seat 1: manggy94 (34466)
Seat 2: Cyross (21419)
Seat 3: remydu341 (21380)
Seat 4: _OpahlawiN_1 (37458)
Seat 5: BUSSHANSENN (13587)
Seat 6: tonyo72150 (33678)
*** ANTE/BLINDS ***
manggy94 posts ante 80
Cyross posts ante 80
remydu341 posts ante 80
_OpahlawiN_1 posts ante 80
BUSSHANSENN posts ante 80
tonyo72150 posts ante 80
manggy94 posts small blind 350
Cyross posts big blind 700
Dealt to manggy94 [Ks 2c]
*** PRE-FLOP *** 
remydu341 raises 1050 to 1750
_OpahlawiN_1 folds
BUSSHANSENN folds
tonyo72150 folds
manggy94 folds
Cyross calls 1050
*** FLOP *** [3d 4h 7c]
Cyross bets 2000
remydu341 calls 2000
*** TURN *** [3d 4h 7c][4d]
Cyross bets 17589 and is all-in
remydu341 folds
Cyross collected 25919 from pot
*** SUMMARY ***
Total pot 25919 | No rake
Board: [3d 4h 7c 4d]
Seat 2: Cyross (big blind) won 25919


Winamax Poker - Tournament "POUR LA DARONNE" buyIn: 4.50€ + 0.50€ level: 8 - HandId: #1667016368244916668-60-1600630337 - Holdem no limit (80/350/700) - 2020/09/20 19:32:17 UTC
Table: 'POUR LA DARONNE(388132494)#0443' 6-max (real money) Seat #1 is the button
Seat 1: manggy94 (34036)
Seat 2: Cyross (25919)
Seat 3: remydu341 (17550)
Seat 4: _OpahlawiN_1 (37378)
Seat 5: BUSSHANSENN (13507)
Seat 6: tonyo72150 (33598)
*** ANTE/BLINDS ***
Cyross posts ante 80
remydu341 posts ante 80
manggy94 posts ante 80
_OpahlawiN_1 posts ante 80
BUSSHANSENN posts ante 80
tonyo72150 posts ante 80
Cyross posts small blind 350
remydu341 posts big blind 700
Dealt to manggy94 [9s Jh]
*** PRE-FLOP *** 
_OpahlawiN_1 folds
BUSSHANSENN folds
tonyo72150 folds
manggy94 raises 700 to 1400
Cyross calls 1050
remydu341 calls 700
*** FLOP *** [8d Tc 3s]
Cyross checks
remydu341 checks
manggy94 bets 2340
Cyross folds
remydu341 calls 2340
*** TURN *** [8d Tc 3s][Ts]
remydu341 checks
manggy94 checks
*** RIVER *** [8d Tc 3s Ts][3c]
remydu341 checks
manggy94 bets 3500
remydu341 folds
manggy94 collected 12860 from pot
*** SUMMARY ***
Total pot 12860 | No rake
Board: [8d Tc 3s Ts 3c]
Seat 1: manggy94 (button) won 12860


Winamax Poker - Tournament "POUR LA DARONNE" buyIn: 4.50€ + 0.50€ level: 8 - HandId: #1667016368244916668-61-1600630401 - Holdem no limit (80/350/700) - 2020/09/20 19:33:21 UTC
Table: 'POUR LA DARONNE(388132494)#0443' 6-max (real money) Seat #2 is the button
Seat 1: manggy94 (39576)
Seat 2: Cyross (24439)
Seat 3: remydu341 (13730)
Seat 4: _OpahlawiN_1 (37298)
Seat 5: BUSSHANSENN (13427)
Seat 6: tonyo72150 (33518)
*** ANTE/BLINDS ***
remydu341 posts ante 80
_OpahlawiN_1 posts ante 80
manggy94 posts ante 80
Cyross posts ante 80
BUSSHANSENN posts ante 80
tonyo72150 posts ante 80
remydu341 posts small blind 350
_OpahlawiN_1 posts big blind 700
Dealt to manggy94 [Ad 9s]
*** PRE-FLOP *** 
BUSSHANSENN folds
tonyo72150 raises 840 to 1540
manggy94 calls 1540
Cyross raises 22819 to 24359 and is all-in
remydu341 folds
_OpahlawiN_1 folds
tonyo72150 raises 9079 to 33438 and is all-in
manggy94 folds
*** FLOP *** [4s Kc Qc]
*** TURN *** [4s Kc Qc][3d]
*** RIVER *** [4s Kc Qc 3d][4c]
*** SHOW DOWN ***
Cyross shows [Js Jc] (Two pairs : Jacks and 4)
tonyo72150 shows [Td Th] (Two pairs : Tens and 4)
tonyo72150 collected 9079 from side pot 1
Cyross collected 51788 from main pot
*** SUMMARY ***
Total pot 60867 | No rake
Board: [4s Kc Qc 3d 4c]
Seat 2: Cyross (button) showed [Js Jc] and won 51788 with Two pairs : Jacks and 4
Seat 6: tonyo72150 showed [Td Th] and won 9079 with Two pairs : Tens and 4


Winamax Poker - Tournament "POUR LA DARONNE" buyIn: 4.50€ + 0.50€ level: 8 - HandId: #1667016368244916668-62-1600630442 - Holdem no limit (80/350/700) - 2020/09/20 19:34:02 UTC
Table: 'POUR LA DARONNE(388132494)#0443' 6-max (real money) Seat #3 is the button
Seat 1: manggy94 (37956)
Seat 2: Cyross (51788)
Seat 3: remydu341 (13300)
Seat 4: _OpahlawiN_1 (36518)
Seat 5: BUSSHANSENN (13347)
Seat 6: tonyo72150 (9079)
*** ANTE/BLINDS ***
_OpahlawiN_1 posts ante 80
BUSSHANSENN posts ante 80
manggy94 posts ante 80
Cyross posts ante 80
remydu341 posts ante 80
tonyo72150 posts ante 80
_OpahlawiN_1 posts small blind 350
BUSSHANSENN posts big blind 700
Dealt to manggy94 [Tc 4d]
*** PRE-FLOP *** 
tonyo72150 folds
manggy94 folds
Cyross raises 700 to 1400
remydu341 folds
_OpahlawiN_1 folds
BUSSHANSENN folds
Cyross collected 2930 from pot
*** SUMMARY ***
Total pot 2930 | No rake
Seat 2: Cyross won 2930


Winamax Poker - Tournament "POUR LA DARONNE" buyIn: 4.50€ + 0.50€ level: 8 - HandId: #1667016368244916668-63-1600630460 - Holdem no limit (80/350/700) - 2020/09/20 19:34:20 UTC
Table: 'POUR LA DARONNE(388132494)#0443' 6-max (real money) Seat #4 is the button
Seat 1: manggy94 (37876)
Seat 2: Cyross (53238)
Seat 3: remydu341 (13220)
Seat 4: _OpahlawiN_1 (36088)
Seat 5: BUSSHANSENN (12567)
Seat 6: tonyo72150 (8999)
*** ANTE/BLINDS ***
BUSSHANSENN posts ante 80
tonyo72150 posts ante 80
manggy94 posts ante 80
Cyross posts ante 80
remydu341 posts ante 80
_OpahlawiN_1 posts ante 80
BUSSHANSENN posts small blind 350
tonyo72150 posts big blind 700
Dealt to manggy94 [Ac Ts]
*** PRE-FLOP *** 
manggy94 raises 1400 to 2100
Cyross folds
remydu341 folds
_OpahlawiN_1 folds
BUSSHANSENN calls 1750
tonyo72150 folds
*** FLOP *** [8h 7h 5d]
BUSSHANSENN checks
manggy94 bets 2690
BUSSHANSENN folds
manggy94 collected 8070 from pot
*** SUMMARY ***
Total pot 8070 | No rake
Board: [8h 7h 5d]
Seat 1: manggy94 won 8070


Winamax Poker - Tournament "POUR LA DARONNE" buyIn: 4.50€ + 0.50€ level: 8 - HandId: #1667016368244916668-64-1600630503 - Holdem no limit (80/350/700) - 2020/09/20 19:35:03 UTC
Table: 'POUR LA DARONNE(388132494)#0443' 6-max (real money) Seat #5 is the button
Seat 1: manggy94 (41076)
Seat 2: Cyross (53158)
Seat 3: remydu341 (13140)
Seat 4: _OpahlawiN_1 (36008)
Seat 5: BUSSHANSENN (10387)
Seat 6: tonyo72150 (8219)
*** ANTE/BLINDS ***
tonyo72150 posts ante 80
manggy94 posts ante 80
Cyross posts ante 80
remydu341 posts ante 80
_OpahlawiN_1 posts ante 80
BUSSHANSENN posts ante 80
tonyo72150 posts small blind 350
manggy94 posts big blind 700
Dealt to manggy94 [9s 7d]
*** PRE-FLOP *** 
Cyross calls 700
remydu341 folds
_OpahlawiN_1 folds
BUSSHANSENN folds
tonyo72150 raises 7439 to 8139 and is all-in
manggy94 folds
Cyross calls 7439
*** FLOP *** [5s Ad Th]
*** TURN *** [5s Ad Th][Ac]
*** RIVER *** [5s Ad Th Ac][6s]
*** SHOW DOWN ***
Cyross shows [8s Qh] (One pair : Aces)
tonyo72150 shows [Kd Kh] (Two pairs : Aces and Kings)
tonyo72150 collected 17458 from pot
*** SUMMARY ***
Total pot 17458 | No rake
Board: [5s Ad Th Ac 6s]
Seat 2: Cyross showed [8s Qh] and lost with One pair : Aces
Seat 6: tonyo72150 (small blind) showed [Kd Kh] and won 17458 with Two pairs : Aces and Kings


Winamax Poker - Tournament "POUR LA DARONNE" buyIn: 4.50€ + 0.50€ level: 8 - HandId: #1667016368244916668-65-1600630548 - Holdem no limit (80/350/700) - 2020/09/20 19:35:48 UTC
Table: 'POUR LA DARONNE(388132494)#0443' 6-max (real money) Seat #6 is the button
Seat 1: manggy94 (40296)
Seat 2: Cyross (44939)
Seat 3: remydu341 (13060)
Seat 4: _OpahlawiN_1 (35928)
Seat 5: BUSSHANSENN (10307)
Seat 6: tonyo72150 (17458)
*** ANTE/BLINDS ***
manggy94 posts ante 80
Cyross posts ante 80
remydu341 posts ante 80
_OpahlawiN_1 posts ante 80
BUSSHANSENN posts ante 80
tonyo72150 posts ante 80
manggy94 posts small blind 350
Cyross posts big blind 700
Dealt to manggy94 [Js 9h]
*** PRE-FLOP *** 
remydu341 folds
_OpahlawiN_1 folds
BUSSHANSENN folds
tonyo72150 folds
manggy94 calls 350
Cyross checks
*** FLOP *** [Jc 2s 3h]
manggy94 bets 1253
Cyross folds
manggy94 collected 3133 from pot
*** SUMMARY ***
Total pot 3133 | No rake
Board: [Jc 2s 3h]
Seat 1: manggy94 (small blind) won 3133


Winamax Poker - Tournament "POUR LA DARONNE" buyIn: 4.50€ + 0.50€ level: 8 - HandId: #1667016368244916668-66-1600630569 - Holdem no limit (80/350/700) - 2020/09/20 19:36:09 UTC
Table: 'POUR LA DARONNE(388132494)#0443' 6-max (real money) Seat #1 is the button
Seat 1: manggy94 (41396)
Seat 2: Cyross (44159)
Seat 3: remydu341 (12980)
Seat 4: _OpahlawiN_1 (35848)
Seat 5: BUSSHANSENN (10227)
Seat 6: tonyo72150 (17378)
*** ANTE/BLINDS ***
Cyross posts ante 80
remydu341 posts ante 80
manggy94 posts ante 80
_OpahlawiN_1 posts ante 80
BUSSHANSENN posts ante 80
tonyo72150 posts ante 80
Cyross posts small blind 350
remydu341 posts big blind 700
Dealt to manggy94 [8d 8c]
*** PRE-FLOP *** 
_OpahlawiN_1 folds
BUSSHANSENN folds
tonyo72150 raises 700 to 1400
manggy94 calls 1400
Cyross folds
remydu341 folds
*** FLOP *** [9d 4c Jd]
tonyo72150 checks
manggy94 bets 4330
tonyo72150 folds
manggy94 collected 8660 from pot
*** SUMMARY ***
Total pot 8660 | No rake
Board: [9d 4c Jd]
Seat 1: manggy94 (button) won 8660


Winamax Poker - Tournament "POUR LA DARONNE" buyIn: 4.50€ + 0.50€ level: 9 - HandId: #1667016368244916668-67-1600630610 - Holdem no limit (100/400/800) - 2020/09/20 19:36:50 UTC
Table: 'POUR LA DARONNE(388132494)#0443' 6-max (real money) Seat #2 is the button
Seat 1: manggy94 (44246)
Seat 2: Cyross (43729)
Seat 3: remydu341 (12200)
Seat 4: _OpahlawiN_1 (35768)
Seat 5: BUSSHANSENN (10147)
Seat 6: tonyo72150 (15898)
*** ANTE/BLINDS ***
remydu341 posts ante 100
_OpahlawiN_1 posts ante 100
manggy94 posts ante 100
Cyross posts ante 100
BUSSHANSENN posts ante 100
tonyo72150 posts ante 100
remydu341 posts small blind 400
_OpahlawiN_1 posts big blind 800
Dealt to manggy94 [3d Jd]
*** PRE-FLOP *** 
BUSSHANSENN folds
tonyo72150 raises 960 to 1760
manggy94 folds
Cyross folds
remydu341 folds
_OpahlawiN_1 raises 33908 to 35668 and is all-in
tonyo72150 folds
_OpahlawiN_1 collected 38428 from pot
*** SUMMARY ***
Total pot 38428 | No rake
Seat 4: _OpahlawiN_1 (big blind) won 38428


Winamax Poker - Tournament "POUR LA DARONNE" buyIn: 4.50€ + 0.50€ level: 9 - HandId: #1667016368244916668-68-1600630650 - Holdem no limit (100/400/800) - 2020/09/20 19:37:30 UTC
Table: 'POUR LA DARONNE(388132494)#0443' 6-max (real money) Seat #3 is the button
Seat 1: manggy94 (44146)
Seat 2: Cyross (43629)
Seat 3: remydu341 (11700)
Seat 4: _OpahlawiN_1 (38428)
Seat 5: BUSSHANSENN (10047)
Seat 6: tonyo72150 (14038)
*** ANTE/BLINDS ***
_OpahlawiN_1 posts ante 100
BUSSHANSENN posts ante 100
manggy94 posts ante 100
Cyross posts ante 100
remydu341 posts ante 100
tonyo72150 posts ante 100
_OpahlawiN_1 posts small blind 400
BUSSHANSENN posts big blind 800
Dealt to manggy94 [6c Jd]
*** PRE-FLOP *** 
tonyo72150 folds
manggy94 folds
Cyross raises 800 to 1600
remydu341 folds
_OpahlawiN_1 folds
BUSSHANSENN folds
Cyross collected 3400 from pot
*** SUMMARY ***
Total pot 3400 | No rake
Seat 2: Cyross won 3400


Winamax Poker - Tournament "POUR LA DARONNE" buyIn: 4.50€ + 0.50€ level: 9 - HandId: #1667016368244916668-69-1600630662 - Holdem no limit (100/400/800) - 2020/09/20 19:37:42 UTC
Table: 'POUR LA DARONNE(388132494)#0443' 6-max (real money) Seat #4 is the button
Seat 1: manggy94 (44046)
Seat 2: Cyross (45329)
Seat 3: remydu341 (11600)
Seat 4: _OpahlawiN_1 (37928)
Seat 5: BUSSHANSENN (9147)
Seat 6: tonyo72150 (13938)
*** ANTE/BLINDS ***
BUSSHANSENN posts ante 100
tonyo72150 posts ante 100
manggy94 posts ante 100
Cyross posts ante 100
remydu341 posts ante 100
_OpahlawiN_1 posts ante 100
BUSSHANSENN posts small blind 400
tonyo72150 posts big blind 800
Dealt to manggy94 [Ac Qd]
*** PRE-FLOP *** 
manggy94 raises 1600 to 2400
Cyross folds
remydu341 folds
_OpahlawiN_1 folds
BUSSHANSENN calls 2000
tonyo72150 folds
*** FLOP *** [2h 5s 7s]
BUSSHANSENN bets 6647 and is all-in
manggy94 calls 6647
*** TURN *** [2h 5s 7s][6s]
*** RIVER *** [2h 5s 7s 6s][7d]
*** SHOW DOWN ***
manggy94 shows [Ac Qd] (One pair : 7)
BUSSHANSENN shows [Ts Js] (Flush Jack high)
BUSSHANSENN collected 19494 from pot
*** SUMMARY ***
Total pot 19494 | No rake
Board: [2h 5s 7s 6s 7d]
Seat 1: manggy94 showed [Ac Qd] and lost with One pair : 7
Seat 5: BUSSHANSENN (small blind) showed [Ts Js] and won 19494 with Flush Jack high


Winamax Poker - Tournament "POUR LA DARONNE" buyIn: 4.50€ + 0.50€ level: 9 - HandId: #1667016368244916668-70-1600630692 - Holdem no limit (100/400/800) - 2020/09/20 19:38:12 UTC
Table: 'POUR LA DARONNE(388132494)#0443' 6-max (real money) Seat #5 is the button
Seat 1: manggy94 (34899)
Seat 2: Cyross (45229)
Seat 3: remydu341 (11500)
Seat 4: _OpahlawiN_1 (37828)
Seat 5: BUSSHANSENN (19494)
Seat 6: tonyo72150 (13038)
*** ANTE/BLINDS ***
tonyo72150 posts ante 100
manggy94 posts ante 100
Cyross posts ante 100
remydu341 posts ante 100
_OpahlawiN_1 posts ante 100
BUSSHANSENN posts ante 100
tonyo72150 posts small blind 400
manggy94 posts big blind 800
Dealt to manggy94 [Kh Ts]
*** PRE-FLOP *** 
Cyross folds
remydu341 folds
_OpahlawiN_1 folds
BUSSHANSENN folds
tonyo72150 calls 400
manggy94 raises 2200 to 3000
tonyo72150 folds
manggy94 collected 4400 from pot
*** SUMMARY ***
Total pot 4400 | No rake
Seat 1: manggy94 (big blind) won 4400


Winamax Poker - Tournament "POUR LA DARONNE" buyIn: 4.50€ + 0.50€ level: 9 - HandId: #1667016368244916668-71-1600630719 - Holdem no limit (100/400/800) - 2020/09/20 19:38:39 UTC
Table: 'POUR LA DARONNE(388132494)#0443' 6-max (real money) Seat #6 is the button
Seat 1: manggy94 (36199)
Seat 2: Cyross (45129)
Seat 3: remydu341 (11400)
Seat 4: _OpahlawiN_1 (37728)
Seat 5: BUSSHANSENN (19394)
Seat 6: tonyo72150 (12138)
*** ANTE/BLINDS ***
manggy94 posts ante 100
Cyross posts ante 100
remydu341 posts ante 100
_OpahlawiN_1 posts ante 100
BUSSHANSENN posts ante 100
tonyo72150 posts ante 100
manggy94 posts small blind 400
Cyross posts big blind 800
Dealt to manggy94 [Ah 5c]
*** PRE-FLOP *** 
remydu341 folds
_OpahlawiN_1 raises 1048 to 1848
BUSSHANSENN raises 17446 to 19294 and is all-in
tonyo72150 folds
manggy94 folds
Cyross folds
_OpahlawiN_1 folds
BUSSHANSENN collected 22942 from pot
*** SUMMARY ***
Total pot 22942 | No rake
Seat 5: BUSSHANSENN won 22942


Winamax Poker - Tournament "POUR LA DARONNE" buyIn: 4.50€ + 0.50€ level: 9 - HandId: #1667016368244916668-72-1600630758 - Holdem no limit (100/400/800) - 2020/09/20 19:39:18 UTC
Table: 'POUR LA DARONNE(388132494)#0443' 6-max (real money) Seat #1 is the button
Seat 1: manggy94 (35699)
Seat 2: Cyross (44229)
Seat 3: remydu341 (11300)
Seat 4: _OpahlawiN_1 (35780)
Seat 5: BUSSHANSENN (22942)
Seat 6: tonyo72150 (12038)
*** ANTE/BLINDS ***
Cyross posts ante 100
remydu341 posts ante 100
manggy94 posts ante 100
_OpahlawiN_1 posts ante 100
BUSSHANSENN posts ante 100
tonyo72150 posts ante 100
Cyross posts small blind 400
remydu341 posts big blind 800
Dealt to manggy94 [Qc 8c]
*** PRE-FLOP *** 
_OpahlawiN_1 folds
BUSSHANSENN folds
tonyo72150 raises 11138 to 11938 and is all-in
manggy94 folds
Cyross folds
remydu341 calls 10400 and is all-in
*** FLOP *** [Js 8h 3h]
*** TURN *** [Js 8h 3h][Td]
*** RIVER *** [Js 8h 3h Td][7h]
*** SHOW DOWN ***
remydu341 shows [Ah 9d] (Straight Jack high)
tonyo72150 shows [Ks As] (High card : Ace)
tonyo72150 collected 738 from side pot 1
remydu341 collected 23400 from main pot
*** SUMMARY ***
Total pot 24138 | No rake
Board: [Js 8h 3h Td 7h]
Seat 3: remydu341 (big blind) showed [Ah 9d] and won 23400 with Straight Jack high
Seat 6: tonyo72150 showed [Ks As] and won 738 with High card : Ace


Winamax Poker - Tournament "POUR LA DARONNE" buyIn: 4.50€ + 0.50€ level: 9 - HandId: #1667016368244916668-73-1600630780 - Holdem no limit (100/400/800) - 2020/09/20 19:39:40 UTC
Table: 'POUR LA DARONNE(388132494)#0443' 6-max (real money) Seat #2 is the button
Seat 1: manggy94 (35599)
Seat 2: Cyross (43729)
Seat 3: remydu341 (23400)
Seat 4: _OpahlawiN_1 (35680)
Seat 5: BUSSHANSENN (22842)
Seat 6: tonyo72150 (738)
*** ANTE/BLINDS ***
remydu341 posts ante 100
_OpahlawiN_1 posts ante 100
manggy94 posts ante 100
Cyross posts ante 100
BUSSHANSENN posts ante 100
tonyo72150 posts ante 100
remydu341 posts small blind 400
_OpahlawiN_1 posts big blind 800
Dealt to manggy94 [9d 4s]
*** PRE-FLOP *** 
BUSSHANSENN folds
tonyo72150 calls 638 and is all-in
manggy94 folds
Cyross raises 2200 to 3000
remydu341 folds
_OpahlawiN_1 raises 32580 to 35580 and is all-in
Cyross raises 8049 to 43629 and is all-in
*** FLOP *** [Kd 4c Kh]
*** TURN *** [Kd 4c Kh][Qh]
*** RIVER *** [Kd 4c Kh Qh][Th]
*** SHOW DOWN ***
tonyo72150 shows [3s 7h] (One pair : Kings)
Cyross shows [Ac 8h] (One pair : Kings)
_OpahlawiN_1 shows [7s Ad] (One pair : Kings)
_OpahlawiN_1 collected 36399 from main pot
Cyross collected 44448 from side pot 1
*** SUMMARY ***
Total pot 80847 | No rake
Board: [Kd 4c Kh Qh Th]
Seat 2: Cyross (button) showed [Ac 8h] and won 44448 with One pair : Kings
Seat 4: _OpahlawiN_1 (big blind) showed [7s Ad] and won 36399 with One pair : Kings
Seat 6: tonyo72150 showed [3s 7h] and lost with One pair : Kings


Winamax Poker - Tournament "POUR LA DARONNE" buyIn: 4.50€ + 0.50€ level: 9 - HandId: #1667016368244916668-74-1600630816 - Holdem no limit (100/400/800) - 2020/09/20 19:40:16 UTC
Table: 'POUR LA DARONNE(388132494)#0443' 6-max (real money) Seat #3 is the button
Seat 1: manggy94 (35499)
Seat 2: Cyross (44448)
Seat 3: remydu341 (22900)
Seat 4: _OpahlawiN_1 (36399)
Seat 5: BUSSHANSENN (22742)
*** ANTE/BLINDS ***
_OpahlawiN_1 posts ante 100
BUSSHANSENN posts ante 100
manggy94 posts ante 100
Cyross posts ante 100
remydu341 posts ante 100
_OpahlawiN_1 posts small blind 400
BUSSHANSENN posts big blind 800
Dealt to manggy94 [As 3c]
*** PRE-FLOP *** 
manggy94 raises 800 to 1600
Cyross folds
remydu341 folds
_OpahlawiN_1 folds
BUSSHANSENN calls 800
*** FLOP *** [3s 3d Js]
BUSSHANSENN checks
manggy94 checks
*** TURN *** [3s 3d Js][Th]
BUSSHANSENN checks
manggy94 bets 800
BUSSHANSENN calls 800
*** RIVER *** [3s 3d Js Th][Kc]
BUSSHANSENN bets 20242 and is all-in
manggy94 calls 20242
*** SHOW DOWN ***
manggy94 shows [As 3c] (Trips of 3)
BUSSHANSENN shows [Qd 9h] (Straight King high)
BUSSHANSENN collected 46184 from pot
*** SUMMARY ***
Total pot 46184 | No rake
Board: [3s 3d Js Th Kc]
Seat 1: manggy94 showed [As 3c] and lost with Trips of 3
Seat 5: BUSSHANSENN (big blind) showed [Qd 9h] and won 46184 with Straight King high


Winamax Poker - Tournament "POUR LA DARONNE" buyIn: 4.50€ + 0.50€ level: 9 - HandId: #1667016368244916668-75-1600630857 - Holdem no limit (100/400/800) - 2020/09/20 19:40:57 UTC
Table: 'POUR LA DARONNE(388132494)#0443' 6-max (real money) Seat #4 is the button
Seat 1: manggy94 (12757)
Seat 2: Cyross (44348)
Seat 3: remydu341 (22800)
Seat 4: _OpahlawiN_1 (35899)
Seat 5: BUSSHANSENN (46184)
*** ANTE/BLINDS ***
BUSSHANSENN posts ante 100
manggy94 posts ante 100
Cyross posts ante 100
remydu341 posts ante 100
_OpahlawiN_1 posts ante 100
BUSSHANSENN posts small blind 400
manggy94 posts big blind 800
Dealt to manggy94 [8s 9h]
*** PRE-FLOP *** 
Cyross folds
remydu341 folds
_OpahlawiN_1 folds
BUSSHANSENN calls 400
manggy94 checks
*** FLOP *** [2d 3d 5d]
BUSSHANSENN checks
manggy94 checks
*** TURN *** [2d 3d 5d][8h]
BUSSHANSENN checks
manggy94 bets 800
BUSSHANSENN calls 800
*** RIVER *** [2d 3d 5d 8h][Th]
BUSSHANSENN checks
manggy94 checks
*** SHOW DOWN ***
BUSSHANSENN shows [As 3h] (One pair : 3)
manggy94 shows [8s 9h] (One pair : 8)
manggy94 collected 3700 from pot
*** SUMMARY ***
Total pot 3700 | No rake
Board: [2d 3d 5d 8h Th]
Seat 1: manggy94 (big blind) showed [8s 9h] and won 3700 with One pair : 8
Seat 5: BUSSHANSENN (small blind) showed [As 3h] and lost with One pair : 3


Winamax Poker - Tournament "POUR LA DARONNE" buyIn: 4.50€ + 0.50€ level: 10 - HandId: #1667016368244916668-76-1600630887 - Holdem no limit (120/500/1000) - 2020/09/20 19:41:27 UTC
Table: 'POUR LA DARONNE(388132494)#0443' 6-max (real money) Seat #5 is the button
Seat 1: manggy94 (14757)
Seat 2: Cyross (44248)
Seat 3: remydu341 (22700)
Seat 4: _OpahlawiN_1 (35799)
Seat 5: BUSSHANSENN (44484)
*** ANTE/BLINDS ***
manggy94 posts ante 120
Cyross posts ante 120
remydu341 posts ante 120
_OpahlawiN_1 posts ante 120
BUSSHANSENN posts ante 120
manggy94 posts small blind 500
Cyross posts big blind 1000
Dealt to manggy94 [8c Kh]
*** PRE-FLOP *** 
remydu341 raises 1400 to 2400
_OpahlawiN_1 folds
BUSSHANSENN folds
manggy94 folds
Cyross calls 1400
*** FLOP *** [3c Kc Qh]
Cyross bets 2000
remydu341 calls 2000
*** TURN *** [3c Kc Qh][6s]
Cyross bets 3468
remydu341 calls 3468
*** RIVER *** [3c Kc Qh 6s][3d]
Cyross checks
remydu341 bets 14712 and is all-in
Cyross folds
remydu341 collected 31548 from pot
*** SUMMARY ***
Total pot 31548 | No rake
Board: [3c Kc Qh 6s 3d]
Seat 3: remydu341 won 31548


Winamax Poker - Tournament "POUR LA DARONNE" buyIn: 4.50€ + 0.50€ level: 10 - HandId: #1667016368244916668-77-1600630932 - Holdem no limit (120/500/1000) - 2020/09/20 19:42:12 UTC
Table: 'POUR LA DARONNE(388132494)#0443' 6-max (real money) Seat #1 is the button
Seat 1: manggy94 (14137)
Seat 2: Cyross (36260)
Seat 3: remydu341 (31548)
Seat 4: _OpahlawiN_1 (35679)
Seat 5: BUSSHANSENN (44364)
*** ANTE/BLINDS ***
Cyross posts ante 120
remydu341 posts ante 120
manggy94 posts ante 120
_OpahlawiN_1 posts ante 120
BUSSHANSENN posts ante 120
Cyross posts small blind 500
remydu341 posts big blind 1000
Dealt to manggy94 [9d Js]
*** PRE-FLOP *** 
_OpahlawiN_1 folds
BUSSHANSENN raises 1200 to 2200
manggy94 folds
Cyross folds
remydu341 calls 1200
*** FLOP *** [5c Kh Jh]
remydu341 checks
BUSSHANSENN checks
*** TURN *** [5c Kh Jh][3h]
remydu341 checks
BUSSHANSENN checks
*** RIVER *** [5c Kh Jh 3h][6c]
remydu341 checks
BUSSHANSENN checks
*** SHOW DOWN ***
remydu341 shows [Qc Tc] (High card : King)
BUSSHANSENN shows [8s 8h] (One pair : 8)
BUSSHANSENN collected 5500 from pot
*** SUMMARY ***
Total pot 5500 | No rake
Board: [5c Kh Jh 3h 6c]
Seat 3: remydu341 (big blind) showed [Qc Tc] and lost with High card : King
Seat 5: BUSSHANSENN showed [8s 8h] and won 5500 with One pair : 8


Winamax Poker - Tournament "POUR LA DARONNE" buyIn: 4.50€ + 0.50€ level: 10 - HandId: #1667016368244916668-78-1600630989 - Holdem no limit (120/500/1000) - 2020/09/20 19:43:09 UTC
Table: 'POUR LA DARONNE(388132494)#0443' 6-max (real money) Seat #2 is the button
Seat 1: manggy94 (14017)
Seat 2: Cyross (35640)
Seat 3: remydu341 (29228)
Seat 4: _OpahlawiN_1 (35559)
Seat 5: BUSSHANSENN (47544)
Seat 6: Spiritus48 (34960)
*** ANTE/BLINDS ***
remydu341 posts ante 120
_OpahlawiN_1 posts ante 120
manggy94 posts ante 120
Cyross posts ante 120
BUSSHANSENN posts ante 120
Spiritus48 posts ante 120
remydu341 posts small blind 500
_OpahlawiN_1 posts big blind 1000
Dealt to manggy94 [Ts Qs]
*** PRE-FLOP *** 
BUSSHANSENN folds
Spiritus48 folds
manggy94 raises 2000 to 3000
Cyross folds
remydu341 folds
_OpahlawiN_1 folds
manggy94 collected 5220 from pot
*** SUMMARY ***
Total pot 5220 | No rake
Seat 1: manggy94 won 5220


Winamax Poker - Tournament "POUR LA DARONNE" buyIn: 4.50€ + 0.50€ level: 10 - HandId: #1667016368244916668-79-1600631013 - Holdem no limit (120/500/1000) - 2020/09/20 19:43:33 UTC
Table: 'POUR LA DARONNE(388132494)#0443' 6-max (real money) Seat #3 is the button
Seat 1: manggy94 (16117)
Seat 2: Cyross (35520)
Seat 3: remydu341 (28608)
Seat 4: _OpahlawiN_1 (34439)
Seat 5: BUSSHANSENN (47424)
Seat 6: Spiritus48 (34840)
*** ANTE/BLINDS ***
_OpahlawiN_1 posts ante 120
BUSSHANSENN posts ante 120
manggy94 posts ante 120
Cyross posts ante 120
remydu341 posts ante 120
Spiritus48 posts ante 120
_OpahlawiN_1 posts small blind 500
BUSSHANSENN posts big blind 1000
Dealt to manggy94 [2c 5d]
*** PRE-FLOP *** 
Spiritus48 folds
manggy94 folds
Cyross folds
remydu341 raises 1600 to 2600
_OpahlawiN_1 calls 2100
BUSSHANSENN folds
*** FLOP *** [5s Qs 7d]
_OpahlawiN_1 checks
remydu341 bets 3114
_OpahlawiN_1 calls 3114
*** TURN *** [5s Qs 7d][4d]
_OpahlawiN_1 checks
remydu341 bets 10387
_OpahlawiN_1 folds
remydu341 collected 23535 from pot
*** SUMMARY ***
Total pot 23535 | No rake
Board: [5s Qs 7d 4d]
Seat 3: remydu341 (button) won 23535


Winamax Poker - Tournament "POUR LA DARONNE" buyIn: 4.50€ + 0.50€ level: 10 - HandId: #1667016368244916668-80-1600631079 - Holdem no limit (120/500/1000) - 2020/09/20 19:44:39 UTC
Table: 'POUR LA DARONNE(388132494)#0443' 6-max (real money) Seat #4 is the button
Seat 1: manggy94 (15997)
Seat 2: Cyross (35400)
Seat 3: remydu341 (35922)
Seat 4: _OpahlawiN_1 (28605)
Seat 5: BUSSHANSENN (46304)
Seat 6: Spiritus48 (34720)
*** ANTE/BLINDS ***
BUSSHANSENN posts ante 120
Spiritus48 posts ante 120
manggy94 posts ante 120
Cyross posts ante 120
remydu341 posts ante 120
_OpahlawiN_1 posts ante 120
BUSSHANSENN posts small blind 500
Spiritus48 posts big blind 1000
Dealt to manggy94 [3s Td]
*** PRE-FLOP *** 
manggy94 folds
Cyross folds
remydu341 folds
_OpahlawiN_1 folds
BUSSHANSENN raises 1500 to 2500
Spiritus48 folds
BUSSHANSENN collected 4220 from pot
*** SUMMARY ***
Total pot 4220 | No rake
Seat 5: BUSSHANSENN (small blind) won 4220


Winamax Poker - Tournament "POUR LA DARONNE" buyIn: 4.50€ + 0.50€ level: 10 - HandId: #1667016368244916668-81-1600631095 - Holdem no limit (120/500/1000) - 2020/09/20 19:44:55 UTC
Table: 'POUR LA DARONNE(388132494)#0443' 6-max (real money) Seat #5 is the button
Seat 1: manggy94 (15877)
Seat 2: Cyross (35280)
Seat 3: remydu341 (35802)
Seat 4: _OpahlawiN_1 (28485)
Seat 5: BUSSHANSENN (47904)
Seat 6: Spiritus48 (33600)
*** ANTE/BLINDS ***
Spiritus48 posts ante 120
manggy94 posts ante 120
Cyross posts ante 120
remydu341 posts ante 120
_OpahlawiN_1 posts ante 120
BUSSHANSENN posts ante 120
Spiritus48 posts small blind 500
manggy94 posts big blind 1000
Dealt to manggy94 [7s Jc]
*** PRE-FLOP *** 
Cyross raises 1500 to 2500
remydu341 folds
_OpahlawiN_1 raises 25865 to 28365 and is all-in
BUSSHANSENN folds
Spiritus48 folds
manggy94 folds
Cyross folds
_OpahlawiN_1 collected 33085 from pot
*** SUMMARY ***
Total pot 33085 | No rake
Seat 4: _OpahlawiN_1 won 33085


Winamax Poker - Tournament "POUR LA DARONNE" buyIn: 4.50€ + 0.50€ level: 10 - HandId: #1667016368244916668-82-1600631123 - Holdem no limit (120/500/1000) - 2020/09/20 19:45:23 UTC
Table: 'POUR LA DARONNE(388132494)#0443' 6-max (real money) Seat #6 is the button
Seat 1: manggy94 (14757)
Seat 2: Cyross (32660)
Seat 3: remydu341 (35682)
Seat 4: _OpahlawiN_1 (33085)
Seat 5: BUSSHANSENN (47784)
Seat 6: Spiritus48 (32980)
*** ANTE/BLINDS ***
manggy94 posts ante 120
Cyross posts ante 120
remydu341 posts ante 120
_OpahlawiN_1 posts ante 120
BUSSHANSENN posts ante 120
Spiritus48 posts ante 120
manggy94 posts small blind 500
Cyross posts big blind 1000
Dealt to manggy94 [Jh Ac]
*** PRE-FLOP *** 
remydu341 folds
_OpahlawiN_1 folds
BUSSHANSENN folds
Spiritus48 folds
manggy94 raises 13637 to 14637 and is all-in
Cyross folds
manggy94 collected 16357 from pot
*** SUMMARY ***
Total pot 16357 | No rake
Seat 1: manggy94 (small blind) won 16357


Winamax Poker - Tournament "POUR LA DARONNE" buyIn: 4.50€ + 0.50€ level: 10 - HandId: #1667016368244916668-83-1600631137 - Holdem no limit (120/500/1000) - 2020/09/20 19:45:37 UTC
Table: 'POUR LA DARONNE(388132494)#0443' 6-max (real money) Seat #1 is the button
Seat 1: manggy94 (16357)
Seat 2: Cyross (31540)
Seat 3: remydu341 (35562)
Seat 4: _OpahlawiN_1 (32965)
Seat 5: BUSSHANSENN (47664)
Seat 6: Spiritus48 (32860)
*** ANTE/BLINDS ***
Cyross posts ante 120
remydu341 posts ante 120
manggy94 posts ante 120
_OpahlawiN_1 posts ante 120
BUSSHANSENN posts ante 120
Spiritus48 posts ante 120
Cyross posts small blind 500
remydu341 posts big blind 1000
Dealt to manggy94 [8d Qd]
*** PRE-FLOP *** 
_OpahlawiN_1 raises 1000 to 2000
BUSSHANSENN folds
Spiritus48 folds
manggy94 calls 2000
Cyross folds
remydu341 folds
*** FLOP *** [2d 3s 5h]
_OpahlawiN_1 checks
manggy94 checks
*** TURN *** [2d 3s 5h][6c]
_OpahlawiN_1 checks
manggy94 checks
*** RIVER *** [2d 3s 5h 6c][7s]
_OpahlawiN_1 checks
manggy94 checks
*** SHOW DOWN ***
manggy94 shows [8d Qd] (High card : Queen)
_OpahlawiN_1 shows [Ts Kh] (High card : King)
_OpahlawiN_1 collected 6220 from pot
*** SUMMARY ***
Total pot 6220 | No rake
Board: [2d 3s 5h 6c 7s]
Seat 1: manggy94 (button) showed [8d Qd] and lost with High card : Queen
Seat 4: _OpahlawiN_1 showed [Ts Kh] and won 6220 with High card : King


Winamax Poker - Tournament "POUR LA DARONNE" buyIn: 4.50€ + 0.50€ level: 11 - HandId: #1667016368244916668-84-1600631189 - Holdem no limit (140/600/1200) - 2020/09/20 19:46:29 UTC
Table: 'POUR LA DARONNE(388132494)#0443' 6-max (real money) Seat #2 is the button
Seat 1: manggy94 (14237)
Seat 2: Cyross (30920)
Seat 3: remydu341 (34442)
Seat 4: _OpahlawiN_1 (37065)
Seat 5: BUSSHANSENN (47544)
Seat 6: Spiritus48 (32740)
*** ANTE/BLINDS ***
remydu341 posts ante 140
_OpahlawiN_1 posts ante 140
manggy94 posts ante 140
Cyross posts ante 140
BUSSHANSENN posts ante 140
Spiritus48 posts ante 140
remydu341 posts small blind 600
_OpahlawiN_1 posts big blind 1200
Dealt to manggy94 [Ts 7c]
*** PRE-FLOP *** 
BUSSHANSENN folds
Spiritus48 folds
manggy94 folds
Cyross folds
remydu341 folds
_OpahlawiN_1 collected 2640 from pot
*** SUMMARY ***
Total pot 2640 | No rake
Seat 4: _OpahlawiN_1 (big blind) won 2640


Winamax Poker - Tournament "POUR LA DARONNE" buyIn: 4.50€ + 0.50€ level: 11 - HandId: #1667016368244916668-85-1600631195 - Holdem no limit (140/600/1200) - 2020/09/20 19:46:35 UTC
Table: 'POUR LA DARONNE(388132494)#0443' 6-max (real money) Seat #3 is the button
Seat 1: manggy94 (14097)
Seat 2: Cyross (30780)
Seat 3: remydu341 (33702)
Seat 4: _OpahlawiN_1 (38365)
Seat 5: BUSSHANSENN (47404)
Seat 6: Spiritus48 (32600)
*** ANTE/BLINDS ***
_OpahlawiN_1 posts ante 140
BUSSHANSENN posts ante 140
manggy94 posts ante 140
Cyross posts ante 140
remydu341 posts ante 140
Spiritus48 posts ante 140
_OpahlawiN_1 posts small blind 600
BUSSHANSENN posts big blind 1200
Dealt to manggy94 [Tc 8s]
*** PRE-FLOP *** 
Spiritus48 folds
manggy94 folds
Cyross folds
remydu341 raises 1920 to 3120
_OpahlawiN_1 raises 35105 to 38225 and is all-in
BUSSHANSENN folds
remydu341 folds
_OpahlawiN_1 collected 43385 from pot
*** SUMMARY ***
Total pot 43385 | No rake
Seat 4: _OpahlawiN_1 (small blind) won 43385


Winamax Poker - Tournament "POUR LA DARONNE" buyIn: 4.50€ + 0.50€ level: 11 - HandId: #1667016368244916668-86-1600631232 - Holdem no limit (140/600/1200) - 2020/09/20 19:47:12 UTC
Table: 'POUR LA DARONNE(388132494)#0443' 6-max (real money) Seat #4 is the button
Seat 1: manggy94 (13957)
Seat 2: Cyross (30640)
Seat 3: remydu341 (30442)
Seat 4: _OpahlawiN_1 (43385)
Seat 5: BUSSHANSENN (46064)
Seat 6: Spiritus48 (32460)
*** ANTE/BLINDS ***
BUSSHANSENN posts ante 140
Spiritus48 posts ante 140
manggy94 posts ante 140
Cyross posts ante 140
remydu341 posts ante 140
_OpahlawiN_1 posts ante 140
BUSSHANSENN posts small blind 600
Spiritus48 posts big blind 1200
Dealt to manggy94 [3h As]
*** PRE-FLOP *** 
manggy94 calls 1200
Cyross calls 1200
remydu341 folds
_OpahlawiN_1 folds
BUSSHANSENN folds
Spiritus48 checks
*** FLOP *** [3s 2s 4h]
Spiritus48 checks
manggy94 bets 12617 and is all-in
Cyross folds
Spiritus48 folds
manggy94 collected 17657 from pot
*** SUMMARY ***
Total pot 17657 | No rake
Board: [3s 2s 4h]
Seat 1: manggy94 won 17657


Winamax Poker - Tournament "POUR LA DARONNE" buyIn: 4.50€ + 0.50€ level: 11 - HandId: #1667016368244916668-87-1600631276 - Holdem no limit (140/600/1200) - 2020/09/20 19:47:56 UTC
Table: 'POUR LA DARONNE(388132494)#0443' 6-max (real money) Seat #5 is the button
Seat 1: manggy94 (17657)
Seat 2: Cyross (29300)
Seat 3: remydu341 (30302)
Seat 4: _OpahlawiN_1 (43245)
Seat 5: BUSSHANSENN (45324)
Seat 6: Spiritus48 (31120)
*** ANTE/BLINDS ***
Spiritus48 posts ante 140
manggy94 posts ante 140
Cyross posts ante 140
remydu341 posts ante 140
_OpahlawiN_1 posts ante 140
BUSSHANSENN posts ante 140
Spiritus48 posts small blind 600
manggy94 posts big blind 1200
Dealt to manggy94 [6d 3h]
*** PRE-FLOP *** 
Cyross folds
remydu341 folds
_OpahlawiN_1 folds
BUSSHANSENN raises 2400 to 3600
Spiritus48 folds
manggy94 folds
BUSSHANSENN collected 6240 from pot
*** SUMMARY ***
Total pot 6240 | No rake
Seat 5: BUSSHANSENN (button) won 6240


Winamax Poker - Tournament "POUR LA DARONNE" buyIn: 4.50€ + 0.50€ level: 11 - HandId: #1667016368244916668-88-1600631299 - Holdem no limit (140/600/1200) - 2020/09/20 19:48:19 UTC
Table: 'POUR LA DARONNE(388132494)#0443' 6-max (real money) Seat #6 is the button
Seat 1: manggy94 (16317)
Seat 2: Cyross (29160)
Seat 3: remydu341 (30162)
Seat 4: _OpahlawiN_1 (43105)
Seat 5: BUSSHANSENN (47824)
Seat 6: Spiritus48 (30380)
*** ANTE/BLINDS ***
manggy94 posts ante 140
Cyross posts ante 140
remydu341 posts ante 140
_OpahlawiN_1 posts ante 140
BUSSHANSENN posts ante 140
Spiritus48 posts ante 140
manggy94 posts small blind 600
Cyross posts big blind 1200
Dealt to manggy94 [7s Qh]
*** PRE-FLOP *** 
remydu341 folds
_OpahlawiN_1 folds
BUSSHANSENN folds
Spiritus48 folds
manggy94 folds
Cyross collected 2640 from pot
*** SUMMARY ***
Total pot 2640 | No rake
Seat 2: Cyross (big blind) won 2640


Winamax Poker - Tournament "POUR LA DARONNE" buyIn: 4.50€ + 0.50€ level: 11 - HandId: #1667016368244916668-89-1600631324 - Holdem no limit (140/600/1200) - 2020/09/20 19:48:44 UTC
Table: 'POUR LA DARONNE(388132494)#0443' 6-max (real money) Seat #1 is the button
Seat 1: manggy94 (15577)
Seat 2: Cyross (30460)
Seat 3: remydu341 (30022)
Seat 4: _OpahlawiN_1 (42965)
Seat 5: BUSSHANSENN (47684)
Seat 6: Spiritus48 (30240)
*** ANTE/BLINDS ***
Cyross posts ante 140
remydu341 posts ante 140
manggy94 posts ante 140
_OpahlawiN_1 posts ante 140
BUSSHANSENN posts ante 140
Spiritus48 posts ante 140
Cyross posts small blind 600
remydu341 posts big blind 1200
Dealt to manggy94 [4c Qh]
*** PRE-FLOP *** 
_OpahlawiN_1 raises 1572 to 2772
BUSSHANSENN folds
Spiritus48 folds
manggy94 folds
Cyross folds
remydu341 folds
_OpahlawiN_1 collected 5412 from pot
*** SUMMARY ***
Total pot 5412 | No rake
Seat 4: _OpahlawiN_1 won 5412


Winamax Poker - Tournament "POUR LA DARONNE" buyIn: 4.50€ + 0.50€ level: 11 - HandId: #1667016368244916668-90-1600631344 - Holdem no limit (140/600/1200) - 2020/09/20 19:49:04 UTC
Table: 'POUR LA DARONNE(388132494)#0443' 6-max (real money) Seat #2 is the button
Seat 1: manggy94 (15437)
Seat 2: Cyross (29720)
Seat 3: remydu341 (28682)
Seat 4: _OpahlawiN_1 (45465)
Seat 5: BUSSHANSENN (47544)
Seat 6: Spiritus48 (30100)
*** ANTE/BLINDS ***
remydu341 posts ante 140
_OpahlawiN_1 posts ante 140
manggy94 posts ante 140
Cyross posts ante 140
BUSSHANSENN posts ante 140
Spiritus48 posts ante 140
remydu341 posts small blind 600
_OpahlawiN_1 posts big blind 1200
Dealt to manggy94 [Qs Qd]
*** PRE-FLOP *** 
BUSSHANSENN raises 1440 to 2640
Spiritus48 folds
manggy94 raises 12657 to 15297 and is all-in
Cyross folds
remydu341 folds
_OpahlawiN_1 folds
BUSSHANSENN calls 12657
*** FLOP *** [4c 8h Kh]
*** TURN *** [4c 8h Kh][9c]
*** RIVER *** [4c 8h Kh 9c][Qc]
*** SHOW DOWN ***
BUSSHANSENN shows [As Ad] (One pair : Aces)
manggy94 shows [Qs Qd] (Trips of Queens)
manggy94 collected 33234 from pot
*** SUMMARY ***
Total pot 33234 | No rake
Board: [4c 8h Kh 9c Qc]
Seat 1: manggy94 showed [Qs Qd] and won 33234 with Trips of Queens
Seat 5: BUSSHANSENN showed [As Ad] and lost with One pair : Aces


Winamax Poker - Tournament "POUR LA DARONNE" buyIn: 4.50€ + 0.50€ level: 11 - HandId: #1667016368244916668-91-1600631375 - Holdem no limit (140/600/1200) - 2020/09/20 19:49:35 UTC
Table: 'POUR LA DARONNE(388132494)#0443' 6-max (real money) Seat #3 is the button
Seat 1: manggy94 (33234)
Seat 2: Cyross (29580)
Seat 3: remydu341 (27942)
Seat 4: _OpahlawiN_1 (44125)
Seat 5: BUSSHANSENN (32107)
Seat 6: Spiritus48 (29960)
*** ANTE/BLINDS ***
_OpahlawiN_1 posts ante 140
BUSSHANSENN posts ante 140
manggy94 posts ante 140
Cyross posts ante 140
remydu341 posts ante 140
Spiritus48 posts ante 140
_OpahlawiN_1 posts small blind 600
BUSSHANSENN posts big blind 1200
Dealt to manggy94 [3h 7s]
*** PRE-FLOP *** 
Spiritus48 raises 2400 to 3600
manggy94 folds
Cyross folds
remydu341 folds
_OpahlawiN_1 folds
BUSSHANSENN calls 2400
*** FLOP *** [5s 9s Ks]
BUSSHANSENN checks
Spiritus48 bets 26220 and is all-in
BUSSHANSENN folds
Spiritus48 collected 34860 from pot
*** SUMMARY ***
Total pot 34860 | No rake
Board: [5s 9s Ks]
Seat 6: Spiritus48 won 34860


Winamax Poker - Tournament "POUR LA DARONNE" buyIn: 4.50€ + 0.50€ level: 11 - HandId: #1667016368244916668-92-1600631451 - Holdem no limit (140/600/1200) - 2020/09/20 19:50:51 UTC
Table: 'POUR LA DARONNE(388132494)#0443' 6-max (real money) Seat #4 is the button
Seat 1: manggy94 (33094)
Seat 2: Cyross (29440)
Seat 3: remydu341 (27802)
Seat 4: _OpahlawiN_1 (43385)
Seat 5: BUSSHANSENN (28367)
Seat 6: Spiritus48 (34860)
*** ANTE/BLINDS ***
BUSSHANSENN posts ante 140
Spiritus48 posts ante 140
manggy94 posts ante 140
Cyross posts ante 140
remydu341 posts ante 140
_OpahlawiN_1 posts ante 140
BUSSHANSENN posts small blind 600
Spiritus48 posts big blind 1200
Dealt to manggy94 [Ah Td]
*** PRE-FLOP *** 
manggy94 raises 1200 to 2400
Cyross folds
remydu341 folds
_OpahlawiN_1 folds
BUSSHANSENN folds
Spiritus48 calls 1200
*** FLOP *** [7d 8c 6h]
Spiritus48 checks
manggy94 bets 3000
Spiritus48 calls 3000
*** TURN *** [7d 8c 6h][9h]
Spiritus48 checks
manggy94 bets 6120
Spiritus48 folds
manggy94 collected 18360 from pot
*** SUMMARY ***
Total pot 18360 | No rake
Board: [7d 8c 6h 9h]
Seat 1: manggy94 won 18360


Winamax Poker - Tournament "POUR LA DARONNE" buyIn: 4.50€ + 0.50€ level: 12 - HandId: #1667016368244916668-93-1600631515 - Holdem no limit (160/700/1400) - 2020/09/20 19:51:55 UTC
Table: 'POUR LA DARONNE(388132494)#0443' 6-max (real money) Seat #5 is the button
Seat 1: manggy94 (39794)
Seat 2: Cyross (29300)
Seat 3: remydu341 (27662)
Seat 4: _OpahlawiN_1 (43245)
Seat 5: BUSSHANSENN (27627)
Seat 6: Spiritus48 (29320)
*** ANTE/BLINDS ***
Spiritus48 posts ante 160
manggy94 posts ante 160
Cyross posts ante 160
remydu341 posts ante 160
_OpahlawiN_1 posts ante 160
BUSSHANSENN posts ante 160
Spiritus48 posts small blind 700
manggy94 posts big blind 1400
Dealt to manggy94 [4h Jd]
*** PRE-FLOP *** 
Cyross raises 1400 to 2800
remydu341 folds
_OpahlawiN_1 folds
BUSSHANSENN folds
Spiritus48 folds
manggy94 folds
Cyross collected 5860 from pot
*** SUMMARY ***
Total pot 5860 | No rake
Seat 2: Cyross won 5860


Winamax Poker - Tournament "POUR LA DARONNE" buyIn: 4.50€ + 0.50€ level: 12 - HandId: #1667016368244916668-94-1600631533 - Holdem no limit (160/700/1400) - 2020/09/20 19:52:13 UTC
Table: 'POUR LA DARONNE(388132494)#0443' 6-max (real money) Seat #6 is the button
Seat 1: manggy94 (38234)
Seat 2: Cyross (32200)
Seat 3: remydu341 (27502)
Seat 4: _OpahlawiN_1 (43085)
Seat 5: BUSSHANSENN (27467)
Seat 6: Spiritus48 (28460)
*** ANTE/BLINDS ***
manggy94 posts ante 160
Cyross posts ante 160
remydu341 posts ante 160
_OpahlawiN_1 posts ante 160
BUSSHANSENN posts ante 160
Spiritus48 posts ante 160
manggy94 posts small blind 700
Cyross posts big blind 1400
Dealt to manggy94 [Kc 5c]
*** PRE-FLOP *** 
remydu341 folds
_OpahlawiN_1 raises 1400 to 2800
BUSSHANSENN folds
Spiritus48 folds
manggy94 folds
Cyross folds
_OpahlawiN_1 collected 5860 from pot
*** SUMMARY ***
Total pot 5860 | No rake
Seat 4: _OpahlawiN_1 won 5860


Winamax Poker - Tournament "POUR LA DARONNE" buyIn: 4.50€ + 0.50€ level: 12 - HandId: #1667016368244916271-102-1600631582 - Holdem no limit (160/700/1400) - 2020/09/20 19:53:02 UTC
Table: 'POUR LA DARONNE(388132494)#0046' 6-max (real money) Seat #4 is the button
Seat 1: 80resistir (22215)
Seat 2: Evil04 (35532)
Seat 3: FullOFlop (26906)
Seat 4: manggy94 (37374)
Seat 5: Monmir29 (117363)
Seat 6: grosricard41 (79034)
*** ANTE/BLINDS ***
Monmir29 posts ante 160
grosricard41 posts ante 160
80resistir posts ante 160
Evil04 posts ante 160
FullOFlop posts ante 160
Monmir29 posts small blind 700
grosricard41 posts big blind 1400
*** PRE-FLOP *** 
80resistir folds
Evil04 folds
FullOFlop folds
Monmir29 folds
grosricard41 collected 2900 from pot
*** SUMMARY ***
Total pot 2900 | No rake
Seat 6: grosricard41 (big blind) won 2900


Winamax Poker - Tournament "POUR LA DARONNE" buyIn: 4.50€ + 0.50€ level: 12 - HandId: #1667016368244916271-103-1600631593 - Holdem no limit (160/700/1400) - 2020/09/20 19:53:13 UTC
Table: 'POUR LA DARONNE(388132494)#0046' 6-max (real money) Seat #5 is the button
Seat 1: 80resistir (22055)
Seat 2: Evil04 (35372)
Seat 3: FullOFlop (26746)
Seat 4: manggy94 (37374)
Seat 5: Monmir29 (116503)
Seat 6: grosricard41 (80374)
*** ANTE/BLINDS ***
grosricard41 posts ante 160
80resistir posts ante 160
Evil04 posts ante 160
FullOFlop posts ante 160
manggy94 posts ante 160
Monmir29 posts ante 160
grosricard41 posts small blind 700
80resistir posts big blind 1400
Dealt to manggy94 [4c 4h]
*** PRE-FLOP *** 
Evil04 folds
FullOFlop folds
manggy94 raises 1400 to 2800
Monmir29 folds
grosricard41 folds
80resistir calls 1400
*** FLOP *** [2h 5h Ks]
80resistir checks
manggy94 bets 3630
80resistir folds
manggy94 collected 10890 from pot
*** SUMMARY ***
Total pot 10890 | No rake
Board: [2h 5h Ks]
Seat 4: manggy94 won 10890


Winamax Poker - Tournament "POUR LA DARONNE" buyIn: 4.50€ + 0.50€ level: 12 - HandId: #1667016368244916271-104-1600631626 - Holdem no limit (160/700/1400) - 2020/09/20 19:53:46 UTC
Table: 'POUR LA DARONNE(388132494)#0046' 6-max (real money) Seat #6 is the button
Seat 1: 80resistir (19095)
Seat 2: Evil04 (35212)
Seat 3: FullOFlop (26586)
Seat 4: manggy94 (41674)
Seat 5: Monmir29 (116343)
Seat 6: grosricard41 (79514)
*** ANTE/BLINDS ***
80resistir posts ante 160
Evil04 posts ante 160
FullOFlop posts ante 160
manggy94 posts ante 160
Monmir29 posts ante 160
grosricard41 posts ante 160
80resistir posts small blind 700
Evil04 posts big blind 1400
Dealt to manggy94 [5h 8s]
*** PRE-FLOP *** 
FullOFlop folds
manggy94 folds
Monmir29 raises 1400 to 2800
grosricard41 folds
80resistir folds
Evil04 calls 1400
*** FLOP *** [Jd 9s 3d]
Evil04 checks
Monmir29 bets 4840
Evil04 folds
Monmir29 collected 12100 from pot
*** SUMMARY ***
Total pot 12100 | No rake
Board: [Jd 9s 3d]
Seat 5: Monmir29 won 12100


Winamax Poker - Tournament "POUR LA DARONNE" buyIn: 4.50€ + 0.50€ level: 12 - HandId: #1667016368244916271-105-1600631658 - Holdem no limit (160/700/1400) - 2020/09/20 19:54:18 UTC
Table: 'POUR LA DARONNE(388132494)#0046' 6-max (real money) Seat #1 is the button
Seat 1: 80resistir (18235)
Seat 2: Evil04 (32252)
Seat 3: FullOFlop (26426)
Seat 4: manggy94 (41514)
Seat 5: Monmir29 (120643)
Seat 6: grosricard41 (79354)
*** ANTE/BLINDS ***
Evil04 posts ante 160
FullOFlop posts ante 160
80resistir posts ante 160
manggy94 posts ante 160
Monmir29 posts ante 160
grosricard41 posts ante 160
Evil04 posts small blind 700
FullOFlop posts big blind 1400
Dealt to manggy94 [Ks 6d]
*** PRE-FLOP *** 
manggy94 folds
Monmir29 calls 1400
grosricard41 folds
80resistir folds
Evil04 folds
FullOFlop checks
*** FLOP *** [3h Td Qh]
FullOFlop checks
Monmir29 bets 2973
FullOFlop folds
Monmir29 collected 7433 from pot
*** SUMMARY ***
Total pot 7433 | No rake
Board: [3h Td Qh]
Seat 5: Monmir29 won 7433


Winamax Poker - Tournament "POUR LA DARONNE" buyIn: 4.50€ + 0.50€ level: 12 - HandId: #1667016368244916271-106-1600632063 - Holdem no limit (160/700/1400) - 2020/09/20 20:01:03 UTC
Table: 'POUR LA DARONNE(388132494)#0046' 6-max (real money) Seat #2 is the button
Seat 1: 80resistir (18075)
Seat 2: Evil04 (31392)
Seat 3: FullOFlop (24866)
Seat 4: manggy94 (41354)
Seat 5: Monmir29 (123543)
Seat 6: grosricard41 (79194)
*** ANTE/BLINDS ***
FullOFlop posts ante 160
manggy94 posts ante 160
80resistir posts ante 160
Evil04 posts ante 160
Monmir29 posts ante 160
grosricard41 posts ante 160
FullOFlop posts small blind 700
manggy94 posts big blind 1400
Dealt to manggy94 [9d As]
*** PRE-FLOP *** 
Monmir29 calls 1400
grosricard41 folds
80resistir raises 16515 to 17915 and is all-in
Evil04 folds
FullOFlop folds
manggy94 folds
Monmir29 raises 105468 to 123383 and is all-in
*** FLOP *** [Th Js Qd]
*** TURN *** [Th Js Qd][5c]
*** RIVER *** [Th Js Qd 5c][9h]
*** SHOW DOWN ***
80resistir shows [Qh Qs] (Trips of Queens)
Monmir29 shows [Jc Kd] (Straight King high)
Monmir29 collected 144358 from pot
*** SUMMARY ***
Total pot 144358 | No rake
Board: [Th Js Qd 5c 9h]
Seat 1: 80resistir showed [Qh Qs] and lost with Trips of Queens
Seat 5: Monmir29 showed [Jc Kd] and won 144358 with Straight King high


Winamax Poker - Tournament "POUR LA DARONNE" buyIn: 4.50€ + 0.50€ level: 12 - HandId: #1667016368244916271-107-1600632142 - Holdem no limit (160/700/1400) - 2020/09/20 20:02:22 UTC
Table: 'POUR LA DARONNE(388132494)#0046' 6-max (real money) Seat #3 is the button
Seat 2: Evil04 (31232)
Seat 3: FullOFlop (24006)
Seat 4: manggy94 (39794)
Seat 5: Monmir29 (144358)
Seat 6: grosricard41 (79034)
*** ANTE/BLINDS ***
manggy94 posts ante 160
Monmir29 posts ante 160
Evil04 posts ante 160
FullOFlop posts ante 160
grosricard41 posts ante 160
manggy94 posts small blind 700
Monmir29 posts big blind 1400
Dealt to manggy94 [Qc 7c]
*** PRE-FLOP *** 
grosricard41 calls 1400
Evil04 folds
FullOFlop calls 1400
manggy94 calls 700
Monmir29 checks
*** FLOP *** [8d 6h 4s]
manggy94 checks
Monmir29 checks
grosricard41 checks
FullOFlop checks
*** TURN *** [8d 6h 4s][Kh]
manggy94 checks
Monmir29 checks
grosricard41 checks
FullOFlop checks
*** RIVER *** [8d 6h 4s Kh][5c]
manggy94 bets 4800
Monmir29 folds
grosricard41 folds
FullOFlop raises 7100 to 11900
manggy94 calls 7100
*** SHOW DOWN ***
FullOFlop shows [7d Ad] (Straight 8 high)
manggy94 shows [Qc 7c] (Straight 8 high)
manggy94 collected 15100 from pot
FullOFlop collected 15100 from pot
*** SUMMARY ***
Total pot 30200 | No rake
Board: [8d 6h 4s Kh 5c]
Seat 3: FullOFlop (button) showed [7d Ad] and won 15100 with Straight 8 high
Seat 4: manggy94 (small blind) showed [Qc 7c] and won 15100 with Straight 8 high


Winamax Poker - Tournament "POUR LA DARONNE" buyIn: 4.50€ + 0.50€ level: 13 - HandId: #1667016368244916271-108-1600632203 - Holdem no limit (200/800/1600) - 2020/09/20 20:03:23 UTC
Table: 'POUR LA DARONNE(388132494)#0046' 6-max (real money) Seat #4 is the button
Seat 1: OkTaxi (19077)
Seat 2: Evil04 (31072)
Seat 3: FullOFlop (25646)
Seat 4: manggy94 (41434)
Seat 5: Monmir29 (142798)
Seat 6: grosricard41 (77474)
*** ANTE/BLINDS ***
Monmir29 posts ante 200
grosricard41 posts ante 200
OkTaxi posts ante 200
Evil04 posts ante 200
FullOFlop posts ante 200
manggy94 posts ante 200
Monmir29 posts small blind 800
grosricard41 posts big blind 1600
Dealt to manggy94 [5d 5s]
*** PRE-FLOP *** 
OkTaxi folds
Evil04 folds
FullOFlop folds
manggy94 raises 1600 to 3200
Monmir29 folds
grosricard41 calls 1600
*** FLOP *** [Jd 7s 2h]
grosricard41 checks
manggy94 bets 4200
grosricard41 folds
manggy94 collected 12600 from pot
*** SUMMARY ***
Total pot 12600 | No rake
Board: [Jd 7s 2h]
Seat 4: manggy94 (button) won 12600


Winamax Poker - Tournament "POUR LA DARONNE" buyIn: 4.50€ + 0.50€ level: 13 - HandId: #1667016368244916271-109-1600632240 - Holdem no limit (200/800/1600) - 2020/09/20 20:04:00 UTC
Table: 'POUR LA DARONNE(388132494)#0046' 6-max (real money) Seat #5 is the button
Seat 1: OkTaxi (18877)
Seat 2: Evil04 (30872)
Seat 3: FullOFlop (25446)
Seat 4: manggy94 (46434)
Seat 5: Monmir29 (141798)
Seat 6: grosricard41 (74074)
*** ANTE/BLINDS ***
grosricard41 posts ante 200
OkTaxi posts ante 200
Evil04 posts ante 200
FullOFlop posts ante 200
manggy94 posts ante 200
Monmir29 posts ante 200
grosricard41 posts small blind 800
OkTaxi posts big blind 1600
Dealt to manggy94 [3s 4s]
*** PRE-FLOP *** 
Evil04 folds
FullOFlop raises 2400 to 4000
manggy94 folds
Monmir29 folds
grosricard41 folds
OkTaxi folds
FullOFlop collected 7600 from pot
*** SUMMARY ***
Total pot 7600 | No rake
Seat 3: FullOFlop won 7600


Winamax Poker - Tournament "POUR LA DARONNE" buyIn: 4.50€ + 0.50€ level: 13 - HandId: #1667016368244916271-110-1600632271 - Holdem no limit (200/800/1600) - 2020/09/20 20:04:31 UTC
Table: 'POUR LA DARONNE(388132494)#0046' 6-max (real money) Seat #6 is the button
Seat 1: OkTaxi (17077)
Seat 2: Evil04 (30672)
Seat 3: FullOFlop (28846)
Seat 4: manggy94 (46234)
Seat 5: Monmir29 (141598)
Seat 6: grosricard41 (73074)
*** ANTE/BLINDS ***
OkTaxi posts ante 200
Evil04 posts ante 200
FullOFlop posts ante 200
manggy94 posts ante 200
Monmir29 posts ante 200
grosricard41 posts ante 200
OkTaxi posts small blind 800
Evil04 posts big blind 1600
Dealt to manggy94 [6c Ad]
*** PRE-FLOP *** 
FullOFlop folds
manggy94 raises 1600 to 3200
Monmir29 folds
grosricard41 calls 3200
OkTaxi folds
Evil04 calls 1600
*** FLOP *** [Ac 4s 5d]
Evil04 checks
manggy94 bets 4800
grosricard41 folds
Evil04 folds
manggy94 collected 16400 from pot
*** SUMMARY ***
Total pot 16400 | No rake
Board: [Ac 4s 5d]
Seat 4: manggy94 won 16400


Winamax Poker - Tournament "POUR LA DARONNE" buyIn: 4.50€ + 0.50€ level: 13 - HandId: #1667016368244916271-111-1600632318 - Holdem no limit (200/800/1600) - 2020/09/20 20:05:18 UTC
Table: 'POUR LA DARONNE(388132494)#0046' 6-max (real money) Seat #1 is the button
Seat 1: OkTaxi (16077)
Seat 2: Evil04 (27272)
Seat 3: FullOFlop (28646)
Seat 4: manggy94 (54434)
Seat 5: Monmir29 (141398)
Seat 6: grosricard41 (69674)
*** ANTE/BLINDS ***
Evil04 posts ante 200
FullOFlop posts ante 200
OkTaxi posts ante 200
manggy94 posts ante 200
Monmir29 posts ante 200
grosricard41 posts ante 200
Evil04 posts small blind 800
FullOFlop posts big blind 1600
Dealt to manggy94 [Ts 6c]
*** PRE-FLOP *** 
manggy94 folds
Monmir29 folds
grosricard41 folds
OkTaxi folds
Evil04 raises 1805 to 3405
FullOFlop folds
Evil04 collected 6205 from pot
*** SUMMARY ***
Total pot 6205 | No rake
Seat 2: Evil04 (small blind) won 6205


Winamax Poker - Tournament "POUR LA DARONNE" buyIn: 4.50€ + 0.50€ level: 13 - HandId: #1667016368244916271-112-1600632342 - Holdem no limit (200/800/1600) - 2020/09/20 20:05:42 UTC
Table: 'POUR LA DARONNE(388132494)#0046' 6-max (real money) Seat #2 is the button
Seat 1: OkTaxi (15877)
Seat 2: Evil04 (29872)
Seat 3: FullOFlop (26846)
Seat 4: manggy94 (54234)
Seat 5: Monmir29 (141198)
Seat 6: grosricard41 (69474)
*** ANTE/BLINDS ***
FullOFlop posts ante 200
manggy94 posts ante 200
OkTaxi posts ante 200
Evil04 posts ante 200
Monmir29 posts ante 200
grosricard41 posts ante 200
FullOFlop posts small blind 800
manggy94 posts big blind 1600
Dealt to manggy94 [Th Kc]
*** PRE-FLOP *** 
Monmir29 folds
grosricard41 folds
OkTaxi folds
Evil04 folds
FullOFlop raises 25046 to 26646 and is all-in
manggy94 folds
FullOFlop collected 29446 from pot
*** SUMMARY ***
Total pot 29446 | No rake
Seat 3: FullOFlop (small blind) won 29446


Winamax Poker - Tournament "POUR LA DARONNE" buyIn: 4.50€ + 0.50€ level: 13 - HandId: #1667016368244916271-113-1600632362 - Holdem no limit (200/800/1600) - 2020/09/20 20:06:02 UTC
Table: 'POUR LA DARONNE(388132494)#0046' 6-max (real money) Seat #3 is the button
Seat 1: OkTaxi (15677)
Seat 2: Evil04 (29672)
Seat 3: FullOFlop (29446)
Seat 4: manggy94 (52434)
Seat 5: Monmir29 (140998)
Seat 6: grosricard41 (69274)
*** ANTE/BLINDS ***
manggy94 posts ante 200
Monmir29 posts ante 200
OkTaxi posts ante 200
Evil04 posts ante 200
FullOFlop posts ante 200
grosricard41 posts ante 200
manggy94 posts small blind 800
Monmir29 posts big blind 1600
Dealt to manggy94 [Ah 3d]
*** PRE-FLOP *** 
grosricard41 calls 1600
OkTaxi folds
Evil04 calls 1600
FullOFlop folds
manggy94 calls 800
Monmir29 checks
*** FLOP *** [9s 8h Qc]
manggy94 checks
Monmir29 checks
grosricard41 checks
Evil04 bets 3065
manggy94 folds
Monmir29 folds
grosricard41 calls 3065
*** TURN *** [9s 8h Qc][Ad]
grosricard41 checks
Evil04 checks
*** RIVER *** [9s 8h Qc Ad][Jh]
grosricard41 checks
Evil04 checks
*** SHOW DOWN ***
grosricard41 shows [Ks Js] (One pair : Jacks)
Evil04 shows [Qh Jc] (Two pairs : Queens and Jacks)
Evil04 collected 13730 from pot
*** SUMMARY ***
Total pot 13730 | No rake
Board: [9s 8h Qc Ad Jh]
Seat 2: Evil04 showed [Qh Jc] and won 13730 with Two pairs : Queens and Jacks
Seat 6: grosricard41 showed [Ks Js] and lost with One pair : Jacks


Winamax Poker - Tournament "POUR LA DARONNE" buyIn: 4.50€ + 0.50€ level: 13 - HandId: #1667016368244916271-114-1600632405 - Holdem no limit (200/800/1600) - 2020/09/20 20:06:45 UTC
Table: 'POUR LA DARONNE(388132494)#0046' 6-max (real money) Seat #4 is the button
Seat 1: OkTaxi (15477)
Seat 2: Evil04 (38537)
Seat 3: FullOFlop (29246)
Seat 4: manggy94 (50634)
Seat 5: Monmir29 (139198)
Seat 6: grosricard41 (64409)
*** ANTE/BLINDS ***
Monmir29 posts ante 200
grosricard41 posts ante 200
OkTaxi posts ante 200
Evil04 posts ante 200
FullOFlop posts ante 200
manggy94 posts ante 200
Monmir29 posts small blind 800
grosricard41 posts big blind 1600
Dealt to manggy94 [Kc Qc]
*** PRE-FLOP *** 
OkTaxi folds
Evil04 folds
FullOFlop folds
manggy94 raises 3200 to 4800
Monmir29 calls 4000
grosricard41 folds
*** FLOP *** [Ah 4c 5h]
Monmir29 bets 1600
manggy94 calls 1600
*** TURN *** [Ah 4c 5h][9c]
Monmir29 bets 1600
manggy94 calls 1600
*** RIVER *** [Ah 4c 5h 9c][Jh]
Monmir29 checks
manggy94 checks
*** SHOW DOWN ***
Monmir29 shows [7s 6s] (High card : Ace)
manggy94 shows [Kc Qc] (High card : Ace)
manggy94 collected 18800 from pot
*** SUMMARY ***
Total pot 18800 | No rake
Board: [Ah 4c 5h 9c Jh]
Seat 4: manggy94 (button) showed [Kc Qc] and won 18800 with High card : Ace
Seat 5: Monmir29 (small blind) showed [7s 6s] and lost with High card : Ace


Winamax Poker - Tournament "POUR LA DARONNE" buyIn: 4.50€ + 0.50€ level: 13 - HandId: #1667016368244916271-115-1600632441 - Holdem no limit (200/800/1600) - 2020/09/20 20:07:21 UTC
Table: 'POUR LA DARONNE(388132494)#0046' 6-max (real money) Seat #5 is the button
Seat 1: OkTaxi (15277)
Seat 2: Evil04 (38337)
Seat 3: FullOFlop (29046)
Seat 4: manggy94 (61234)
Seat 5: Monmir29 (130998)
Seat 6: grosricard41 (62609)
*** ANTE/BLINDS ***
grosricard41 posts ante 200
OkTaxi posts ante 200
Evil04 posts ante 200
FullOFlop posts ante 200
manggy94 posts ante 200
Monmir29 posts ante 200
grosricard41 posts small blind 800
OkTaxi posts big blind 1600
Dealt to manggy94 [7c Ac]
*** PRE-FLOP *** 
Evil04 folds
FullOFlop folds
manggy94 raises 1600 to 3200
Monmir29 calls 3200
grosricard41 folds
OkTaxi folds
*** FLOP *** [2s 9h Jd]
manggy94 bets 5000
Monmir29 calls 5000
*** TURN *** [2s 9h Jd][5d]
manggy94 checks
Monmir29 checks
*** RIVER *** [2s 9h Jd 5d][4h]
manggy94 checks
Monmir29 bets 38942
manggy94 folds
Monmir29 collected 58942 from pot
*** SUMMARY ***
Total pot 58942 | No rake
Board: [2s 9h Jd 5d 4h]
Seat 5: Monmir29 (button) won 58942


Winamax Poker - Tournament "POUR LA DARONNE" buyIn: 4.50€ + 0.50€ level: 14 - HandId: #1667016368244916271-116-1600632493 - Holdem no limit (250/1000/2000) - 2020/09/20 20:08:13 UTC
Table: 'POUR LA DARONNE(388132494)#0046' 6-max (real money) Seat #6 is the button
Seat 1: OkTaxi (13477)
Seat 2: Evil04 (38137)
Seat 3: FullOFlop (28846)
Seat 4: manggy94 (52834)
Seat 5: Monmir29 (142598)
Seat 6: grosricard41 (61609)
*** ANTE/BLINDS ***
OkTaxi posts ante 250
Evil04 posts ante 250
FullOFlop posts ante 250
manggy94 posts ante 250
Monmir29 posts ante 250
grosricard41 posts ante 250
OkTaxi posts small blind 1000
Evil04 posts big blind 2000
Dealt to manggy94 [5h Qh]
*** PRE-FLOP *** 
FullOFlop folds
manggy94 folds
Monmir29 folds
grosricard41 folds
OkTaxi folds
Evil04 collected 4500 from pot
*** SUMMARY ***
Total pot 4500 | No rake
Seat 2: Evil04 (big blind) won 4500


Winamax Poker - Tournament "POUR LA DARONNE" buyIn: 4.50€ + 0.50€ level: 14 - HandId: #1667016368244916271-117-1600632515 - Holdem no limit (250/1000/2000) - 2020/09/20 20:08:35 UTC
Table: 'POUR LA DARONNE(388132494)#0046' 6-max (real money) Seat #1 is the button
Seat 1: OkTaxi (12227)
Seat 2: Evil04 (40387)
Seat 3: FullOFlop (28596)
Seat 4: manggy94 (52584)
Seat 5: Monmir29 (142348)
Seat 6: grosricard41 (61359)
*** ANTE/BLINDS ***
Evil04 posts ante 250
FullOFlop posts ante 250
OkTaxi posts ante 250
manggy94 posts ante 250
Monmir29 posts ante 250
grosricard41 posts ante 250
Evil04 posts small blind 1000
FullOFlop posts big blind 2000
Dealt to manggy94 [6s 3h]
*** PRE-FLOP *** 
manggy94 folds
Monmir29 raises 2000 to 4000
grosricard41 folds
OkTaxi folds
Evil04 calls 3000
FullOFlop calls 2000
*** FLOP *** [Tc Ah Jh]
Evil04 checks
FullOFlop checks
Monmir29 checks
*** TURN *** [Tc Ah Jh][4c]
Evil04 bets 4625
FullOFlop calls 4625
Monmir29 calls 4625
*** RIVER *** [Tc Ah Jh 4c][Ad]
Evil04 checks
FullOFlop bets 9125
Monmir29 calls 9125
Evil04 folds
*** SHOW DOWN ***
FullOFlop shows [Qh 9h] (One pair : Aces)
Monmir29 shows [Kd Kc] (Two pairs : Aces and Kings)
Monmir29 collected 45625 from pot
*** SUMMARY ***
Total pot 45625 | No rake
Board: [Tc Ah Jh 4c Ad]
Seat 3: FullOFlop (big blind) showed [Qh 9h] and lost with One pair : Aces
Seat 5: Monmir29 showed [Kd Kc] and won 45625 with Two pairs : Aces and Kings


Winamax Poker - Tournament "POUR LA DARONNE" buyIn: 4.50€ + 0.50€ level: 14 - HandId: #1667016368244916271-118-1600632585 - Holdem no limit (250/1000/2000) - 2020/09/20 20:09:45 UTC
Table: 'POUR LA DARONNE(388132494)#0046' 6-max (real money) Seat #2 is the button
Seat 1: OkTaxi (11977)
Seat 2: Evil04 (31512)
Seat 3: FullOFlop (10596)
Seat 4: manggy94 (52334)
Seat 5: Monmir29 (169973)
Seat 6: grosricard41 (61109)
*** ANTE/BLINDS ***
FullOFlop posts ante 250
manggy94 posts ante 250
OkTaxi posts ante 250
Evil04 posts ante 250
Monmir29 posts ante 250
grosricard41 posts ante 250
FullOFlop posts small blind 1000
manggy94 posts big blind 2000
Dealt to manggy94 [Ac 5s]
*** PRE-FLOP *** 
Monmir29 folds
grosricard41 folds
OkTaxi folds
Evil04 raises 29262 to 31262 and is all-in
FullOFlop calls 9346 and is all-in
manggy94 folds
*** FLOP *** [Qh Qd Js]
*** TURN *** [Qh Qd Js][3s]
*** RIVER *** [Qh Qd Js 3s][7d]
*** SHOW DOWN ***
Evil04 shows [Ah 9d] (One pair : Queens)
FullOFlop shows [Ad Kh] (One pair : Queens)
FullOFlop collected 24192 from main pot
Evil04 collected 20916 from side pot 1
*** SUMMARY ***
Total pot 45108 | No rake
Board: [Qh Qd Js 3s 7d]
Seat 2: Evil04 (button) showed [Ah 9d] and won 20916 with One pair : Queens
Seat 3: FullOFlop (small blind) showed [Ad Kh] and won 24192 with One pair : Queens


Winamax Poker - Tournament "POUR LA DARONNE" buyIn: 4.50€ + 0.50€ level: 14 - HandId: #1667016368244916271-119-1600632615 - Holdem no limit (250/1000/2000) - 2020/09/20 20:10:15 UTC
Table: 'POUR LA DARONNE(388132494)#0046' 6-max (real money) Seat #3 is the button
Seat 1: OkTaxi (11727)
Seat 2: Evil04 (20916)
Seat 3: FullOFlop (24192)
Seat 4: manggy94 (50084)
Seat 5: Monmir29 (169723)
Seat 6: grosricard41 (60859)
*** ANTE/BLINDS ***
manggy94 posts ante 250
Monmir29 posts ante 250
OkTaxi posts ante 250
Evil04 posts ante 250
FullOFlop posts ante 250
grosricard41 posts ante 250
manggy94 posts small blind 1000
Monmir29 posts big blind 2000
Dealt to manggy94 [2h 9c]
*** PRE-FLOP *** 
grosricard41 folds
OkTaxi folds
Evil04 folds
FullOFlop raises 21942 to 23942 and is all-in
manggy94 folds
Monmir29 raises 21942 to 45884
*** FLOP *** [3s 5s 4c]
*** TURN *** [3s 5s 4c][Jd]
*** RIVER *** [3s 5s 4c Jd][4h]
*** SHOW DOWN ***
FullOFlop shows [Ac 7s] (One pair : 4)
Monmir29 shows [5c Qc] (Two pairs : 5 and 4)
Monmir29 collected 72326 from pot
*** SUMMARY ***
Total pot 72326 | No rake
Board: [3s 5s 4c Jd 4h]
Seat 3: FullOFlop (button) showed [Ac 7s] and lost with One pair : 4
Seat 5: Monmir29 (big blind) showed [5c Qc] and won 72326 with Two pairs : 5 and 4


Winamax Poker - Tournament "POUR LA DARONNE" buyIn: 4.50€ + 0.50€ level: 14 - HandId: #1667016368244916271-120-1600632640 - Holdem no limit (250/1000/2000) - 2020/09/20 20:10:40 UTC
Table: 'POUR LA DARONNE(388132494)#0046' 6-max (real money) Seat #4 is the button
Seat 1: OkTaxi (11477)
Seat 2: Evil04 (20666)
Seat 4: manggy94 (48834)
Seat 5: Monmir29 (195915)
Seat 6: grosricard41 (60609)
*** ANTE/BLINDS ***
Monmir29 posts ante 250
grosricard41 posts ante 250
OkTaxi posts ante 250
Evil04 posts ante 250
manggy94 posts ante 250
Monmir29 posts small blind 1000
grosricard41 posts big blind 2000
Dealt to manggy94 [9h 4c]
*** PRE-FLOP *** 
OkTaxi raises 2000 to 4000
Evil04 folds
manggy94 folds
Monmir29 raises 2000 to 6000
grosricard41 folds
OkTaxi calls 2000
*** FLOP *** [2s 2h Td]
Monmir29 bets 7625
OkTaxi folds
Monmir29 collected 22875 from pot
*** SUMMARY ***
Total pot 22875 | No rake
Board: [2s 2h Td]
Seat 5: Monmir29 (small blind) won 22875


Winamax Poker - Tournament "POUR LA DARONNE" buyIn: 4.50€ + 0.50€ level: 14 - HandId: #1667016368244916271-121-1600632685 - Holdem no limit (250/1000/2000) - 2020/09/20 20:11:25 UTC
Table: 'POUR LA DARONNE(388132494)#0046' 6-max (real money) Seat #5 is the button
Seat 1: OkTaxi (5227)
Seat 2: Evil04 (20416)
Seat 4: manggy94 (48584)
Seat 5: Monmir29 (204915)
Seat 6: grosricard41 (58359)
*** ANTE/BLINDS ***
grosricard41 posts ante 250
OkTaxi posts ante 250
Evil04 posts ante 250
manggy94 posts ante 250
Monmir29 posts ante 250
grosricard41 posts small blind 1000
OkTaxi posts big blind 2000
Dealt to manggy94 [4h 8h]
*** PRE-FLOP *** 
Evil04 raises 18166 to 20166 and is all-in
manggy94 folds
Monmir29 raises 18166 to 38332
grosricard41 folds
OkTaxi calls 2977 and is all-in
*** FLOP *** [3h Ac 2h]
*** TURN *** [3h Ac 2h][Ks]
*** RIVER *** [3h Ac 2h Ks][Th]
*** SHOW DOWN ***
OkTaxi shows [Tc 7c] (One pair : Tens)
Evil04 shows [Kc 9s] (One pair : Kings)
Monmir29 shows [Qs Ts] (One pair : Tens)
Monmir29 collected 18166 from side pot 1
Evil04 collected 47559 from main pot
*** SUMMARY ***
Total pot 65725 | No rake
Board: [3h Ac 2h Ks Th]
Seat 1: OkTaxi (big blind) showed [Tc 7c] and lost with One pair : Tens
Seat 2: Evil04 showed [Kc 9s] and won 47559 with One pair : Kings
Seat 5: Monmir29 (button) showed [Qs Ts] and won 18166 with One pair : Tens


Winamax Poker - Tournament "POUR LA DARONNE" buyIn: 4.50€ + 0.50€ level: 14 - HandId: #1667016368244916271-122-1600632720 - Holdem no limit (250/1000/2000) - 2020/09/20 20:12:00 UTC
Table: 'POUR LA DARONNE(388132494)#0046' 6-max (real money) Seat #6 is the button
Seat 2: Evil04 (47559)
Seat 3: ellocodelful (62001)
Seat 4: manggy94 (48334)
Seat 5: Monmir29 (184499)
Seat 6: grosricard41 (57109)
*** ANTE/BLINDS ***
Evil04 posts ante 250
ellocodelful posts ante 250
manggy94 posts ante 250
Monmir29 posts ante 250
grosricard41 posts ante 250
Evil04 posts big blind 2000
Dealt to manggy94 [Tc Kh]
*** PRE-FLOP *** 
ellocodelful folds
manggy94 calls 2000
Monmir29 folds
grosricard41 folds
Evil04 raises 3000 to 5000
manggy94 calls 3000
*** FLOP *** [8c 9c Jd]
Evil04 checks
manggy94 checks
*** TURN *** [8c 9c Jd][Ts]
Evil04 bets 3565
manggy94 calls 3565
*** RIVER *** [8c 9c Jd Ts][7d]
Evil04 checks
manggy94 checks
*** SHOW DOWN ***
Evil04 shows [As Td] (Straight Jack high)
manggy94 shows [Tc Kh] (Straight Jack high)
manggy94 collected 9190 from pot
Evil04 collected 9190 from pot
*** SUMMARY ***
Total pot 18380 | No rake
Board: [8c 9c Jd Ts 7d]
Seat 2: Evil04 (big blind) showed [As Td] and won 9190 with Straight Jack high
Seat 4: manggy94 showed [Tc Kh] and won 9190 with Straight Jack high


Winamax Poker - Tournament "POUR LA DARONNE" buyIn: 4.50€ + 0.50€ level: 15 - HandId: #1667016368244916271-123-1600632759 - Holdem no limit (300/1250/2500) - 2020/09/20 20:12:39 UTC
Table: 'POUR LA DARONNE(388132494)#0046' 6-max (real money) Seat #1 is the button
Seat 1: james13270 (204565)
Seat 2: Evil04 (47934)
Seat 3: ellocodelful (61751)
Seat 4: manggy94 (48709)
Seat 5: Monmir29 (184249)
Seat 6: grosricard41 (56859)
*** ANTE/BLINDS ***
Evil04 posts ante 300
ellocodelful posts ante 300
manggy94 posts ante 300
Monmir29 posts ante 300
grosricard41 posts ante 300
Evil04 posts small blind 1250
ellocodelful posts big blind 2500
Dealt to manggy94 [4s 8c]
*** PRE-FLOP *** 
manggy94 folds
Monmir29 raises 2500 to 5000
grosricard41 folds
Evil04 folds
ellocodelful calls 2500
*** FLOP *** [2c Qc 4c]
ellocodelful checks
Monmir29 bets 9563
ellocodelful calls 9563
*** TURN *** [2c Qc 4c][9h]
ellocodelful checks
Monmir29 checks
*** RIVER *** [2c Qc 4c 9h][5h]
ellocodelful checks
Monmir29 checks
*** SHOW DOWN ***
Monmir29 shows [3d 3c] (One pair : 3)
ellocodelful shows [Ac 4d] (One pair : 4)
ellocodelful collected 31876 from pot
*** SUMMARY ***
Total pot 31876 | No rake
Board: [2c Qc 4c 9h 5h]
Seat 3: ellocodelful (big blind) showed [Ac 4d] and won 31876 with One pair : 4
Seat 5: Monmir29 showed [3d 3c] and lost with One pair : 3


Winamax Poker - Tournament "POUR LA DARONNE" buyIn: 4.50€ + 0.50€ level: 15 - HandId: #1667016368244916271-124-1600632807 - Holdem no limit (300/1250/2500) - 2020/09/20 20:13:27 UTC
Table: 'POUR LA DARONNE(388132494)#0046' 6-max (real money) Seat #2 is the button
Seat 1: james13270 (204565)
Seat 2: Evil04 (46384)
Seat 3: ellocodelful (78764)
Seat 4: manggy94 (48409)
Seat 5: Monmir29 (169386)
Seat 6: grosricard41 (56559)
*** ANTE/BLINDS ***
ellocodelful posts ante 300
manggy94 posts ante 300
james13270 posts ante 300
Evil04 posts ante 300
Monmir29 posts ante 300
grosricard41 posts ante 300
ellocodelful posts small blind 1250
manggy94 posts big blind 2500
Dealt to manggy94 [Ah 5s]
*** PRE-FLOP *** 
Monmir29 folds
grosricard41 calls 2500
james13270 calls 2500
Evil04 folds
ellocodelful folds
manggy94 checks
*** FLOP *** [Js Ad Ts]
manggy94 checks
grosricard41 bets 5275
james13270 folds
manggy94 calls 5275
*** TURN *** [Js Ad Ts][Kd]
manggy94 bets 10550
grosricard41 calls 10550
*** RIVER *** [Js Ad Ts Kd][9h]
manggy94 checks
grosricard41 checks
*** SHOW DOWN ***
manggy94 shows [Ah 5s] (One pair : Aces)
grosricard41 shows [Th Ac] (Two pairs : Aces and Tens)
grosricard41 collected 42200 from pot
*** SUMMARY ***
Total pot 42200 | No rake
Board: [Js Ad Ts Kd 9h]
Seat 4: manggy94 (big blind) showed [Ah 5s] and lost with One pair : Aces
Seat 6: grosricard41 showed [Th Ac] and won 42200 with Two pairs : Aces and Tens


Winamax Poker - Tournament "POUR LA DARONNE" buyIn: 4.50€ + 0.50€ level: 15 - HandId: #1667016368244916271-125-1600632868 - Holdem no limit (300/1250/2500) - 2020/09/20 20:14:28 UTC
Table: 'POUR LA DARONNE(388132494)#0046' 6-max (real money) Seat #3 is the button
Seat 1: james13270 (201765)
Seat 2: Evil04 (46084)
Seat 3: ellocodelful (77214)
Seat 4: manggy94 (29784)
Seat 5: Monmir29 (169086)
Seat 6: grosricard41 (80134)
*** ANTE/BLINDS ***
manggy94 posts ante 300
Monmir29 posts ante 300
james13270 posts ante 300
Evil04 posts ante 300
ellocodelful posts ante 300
grosricard41 posts ante 300
manggy94 posts small blind 1250
Monmir29 posts big blind 2500
Dealt to manggy94 [5c Ac]
*** PRE-FLOP *** 
grosricard41 folds
james13270 folds
Evil04 folds
ellocodelful folds
manggy94 raises 5000 to 7500
Monmir29 calls 5000
*** FLOP *** [9c Td Th]
manggy94 bets 8400
Monmir29 folds
manggy94 collected 25200 from pot
*** SUMMARY ***
Total pot 25200 | No rake
Board: [9c Td Th]
Seat 4: manggy94 (small blind) won 25200


Winamax Poker - Tournament "POUR LA DARONNE" buyIn: 4.50€ + 0.50€ level: 15 - HandId: #1667016368244916271-126-1600632917 - Holdem no limit (300/1250/2500) - 2020/09/20 20:15:17 UTC
Table: 'POUR LA DARONNE(388132494)#0046' 6-max (real money) Seat #4 is the button
Seat 1: james13270 (201465)
Seat 2: Evil04 (45784)
Seat 3: ellocodelful (76914)
Seat 4: manggy94 (38784)
Seat 5: Monmir29 (161286)
Seat 6: grosricard41 (79834)
*** ANTE/BLINDS ***
Monmir29 posts ante 300
grosricard41 posts ante 300
james13270 posts ante 300
Evil04 posts ante 300
ellocodelful posts ante 300
manggy94 posts ante 300
Monmir29 posts small blind 1250
grosricard41 posts big blind 2500
Dealt to manggy94 [Ks 7d]
*** PRE-FLOP *** 
james13270 folds
Evil04 folds
ellocodelful folds
manggy94 folds
Monmir29 raises 2500 to 5000
grosricard41 calls 2500
*** FLOP *** [4s As 5s]
Monmir29 bets 5900
grosricard41 folds
Monmir29 collected 17700 from pot
*** SUMMARY ***
Total pot 17700 | No rake
Board: [4s As 5s]
Seat 5: Monmir29 (small blind) won 17700


Winamax Poker - Tournament "POUR LA DARONNE" buyIn: 4.50€ + 0.50€ level: 15 - HandId: #1667016368244916271-127-1600632952 - Holdem no limit (300/1250/2500) - 2020/09/20 20:15:52 UTC
Table: 'POUR LA DARONNE(388132494)#0046' 6-max (real money) Seat #5 is the button
Seat 1: james13270 (201165)
Seat 2: Evil04 (45484)
Seat 3: ellocodelful (76614)
Seat 4: manggy94 (38484)
Seat 5: Monmir29 (167786)
Seat 6: grosricard41 (74534)
*** ANTE/BLINDS ***
grosricard41 posts ante 300
james13270 posts ante 300
Evil04 posts ante 300
ellocodelful posts ante 300
manggy94 posts ante 300
Monmir29 posts ante 300
grosricard41 posts small blind 1250
james13270 posts big blind 2500
Dealt to manggy94 [4c 3c]
*** PRE-FLOP *** 
Evil04 folds
ellocodelful folds
manggy94 folds
Monmir29 folds
grosricard41 folds
james13270 collected 5550 from pot
*** SUMMARY ***
Total pot 5550 | No rake
Seat 1: james13270 (big blind) won 5550


Winamax Poker - Tournament "POUR LA DARONNE" buyIn: 4.50€ + 0.50€ level: 15 - HandId: #1667016368244916271-128-1600632965 - Holdem no limit (300/1250/2500) - 2020/09/20 20:16:05 UTC
Table: 'POUR LA DARONNE(388132494)#0046' 6-max (real money) Seat #6 is the button
Seat 1: james13270 (203915)
Seat 2: Evil04 (45184)
Seat 3: ellocodelful (76314)
Seat 4: manggy94 (38184)
Seat 5: Monmir29 (167486)
Seat 6: grosricard41 (72984)
*** ANTE/BLINDS ***
james13270 posts ante 300
Evil04 posts ante 300
ellocodelful posts ante 300
manggy94 posts ante 300
Monmir29 posts ante 300
grosricard41 posts ante 300
james13270 posts small blind 1250
Evil04 posts big blind 2500
Dealt to manggy94 [3s 9c]
*** PRE-FLOP *** 
ellocodelful folds
manggy94 folds
Monmir29 folds
grosricard41 folds
james13270 folds
Evil04 collected 5550 from pot
*** SUMMARY ***
Total pot 5550 | No rake
Seat 2: Evil04 (big blind) won 5550


Winamax Poker - Tournament "POUR LA DARONNE" buyIn: 4.50€ + 0.50€ level: 15 - HandId: #1667016368244916271-129-1600633010 - Holdem no limit (300/1250/2500) - 2020/09/20 20:16:50 UTC
Table: 'POUR LA DARONNE(388132494)#0046' 6-max (real money) Seat #1 is the button
Seat 1: james13270 (202365)
Seat 2: Evil04 (47934)
Seat 3: ellocodelful (76014)
Seat 4: manggy94 (37884)
Seat 5: Monmir29 (167186)
Seat 6: grosricard41 (72684)
*** ANTE/BLINDS ***
Evil04 posts ante 300
ellocodelful posts ante 300
james13270 posts ante 300
manggy94 posts ante 300
Monmir29 posts ante 300
grosricard41 posts ante 300
Evil04 posts small blind 1250
ellocodelful posts big blind 2500
Dealt to manggy94 [3h Qh]
*** PRE-FLOP *** 
manggy94 folds
Monmir29 folds
grosricard41 calls 2500
james13270 folds
Evil04 calls 1250
ellocodelful checks
*** FLOP *** [3c 7c 8d]
Evil04 bets 2500
ellocodelful folds
grosricard41 folds
Evil04 collected 11800 from pot
*** SUMMARY ***
Total pot 11800 | No rake
Board: [3c 7c 8d]
Seat 2: Evil04 (small blind) won 11800


Winamax Poker - Tournament "POUR LA DARONNE" buyIn: 4.50€ + 0.50€ level: 16 - HandId: #1667016368244916271-130-1600633052 - Holdem no limit (350/1500/3000) - 2020/09/20 20:17:32 UTC
Table: 'POUR LA DARONNE(388132494)#0046' 6-max (real money) Seat #2 is the button
Seat 1: james13270 (202065)
Seat 2: Evil04 (54434)
Seat 3: ellocodelful (73214)
Seat 4: manggy94 (37584)
Seat 5: Monmir29 (166886)
Seat 6: grosricard41 (69884)
*** ANTE/BLINDS ***
ellocodelful posts ante 350
manggy94 posts ante 350
james13270 posts ante 350
Evil04 posts ante 350
Monmir29 posts ante 350
grosricard41 posts ante 350
ellocodelful posts small blind 1500
manggy94 posts big blind 3000
Dealt to manggy94 [Ac 4d]
*** PRE-FLOP *** 
Monmir29 raises 3000 to 6000
grosricard41 folds
james13270 folds
Evil04 folds
ellocodelful folds
manggy94 folds
Monmir29 collected 12600 from pot
*** SUMMARY ***
Total pot 12600 | No rake
Seat 5: Monmir29 won 12600


Winamax Poker - Tournament "POUR LA DARONNE" buyIn: 4.50€ + 0.50€ level: 16 - HandId: #1667016368244916271-131-1600633078 - Holdem no limit (350/1500/3000) - 2020/09/20 20:17:58 UTC
Table: 'POUR LA DARONNE(388132494)#0046' 6-max (real money) Seat #3 is the button
Seat 1: james13270 (201715)
Seat 2: Evil04 (54084)
Seat 3: ellocodelful (71364)
Seat 4: manggy94 (34234)
Seat 5: Monmir29 (173136)
Seat 6: grosricard41 (69534)
*** ANTE/BLINDS ***
manggy94 posts ante 350
Monmir29 posts ante 350
james13270 posts ante 350
Evil04 posts ante 350
ellocodelful posts ante 350
grosricard41 posts ante 350
manggy94 posts small blind 1500
Monmir29 posts big blind 3000
Dealt to manggy94 [Kd Ad]
*** PRE-FLOP *** 
grosricard41 raises 3000 to 6000
james13270 folds
Evil04 folds
ellocodelful folds
manggy94 raises 12000 to 18000
Monmir29 calls 15000
grosricard41 calls 12000
*** FLOP *** [Jd 4s 3c]
manggy94 bets 15884 and is all-in
Monmir29 folds
grosricard41 calls 15884
*** TURN *** [Jd 4s 3c][Jc]
*** RIVER *** [Jd 4s 3c Jc][5c]
*** SHOW DOWN ***
manggy94 shows [Kd Ad] (One pair : Jacks)
grosricard41 shows [Ks Kh] (Two pairs : Kings and Jacks)
grosricard41 collected 87868 from pot
*** SUMMARY ***
Total pot 87868 | No rake
Board: [Jd 4s 3c Jc 5c]
Seat 4: manggy94 (small blind) showed [Kd Ad] and lost with One pair : Jacks
Seat 6: grosricard41 showed [Ks Kh] and won 87868 with Two pairs : Kings and Jacks


